=LDR  01429cgm  2200385Ia 4500
=001  190865
=005  20160611195439.0
=007  vd\bgaiz-
=008  020430p20021925pau115\\\\\\\\\\\\vleng\d
=024  1\$a089218306098
=028  40$aALP 3060D$bAlpha Video
=035  \\$a(OCoLC)ocm49696233
=040  \\$aIKG$cIKG$dE9G$dUtOrBLW
=049  \\$aE9GA
=245  00$aMetropolis /$cdirected by Fritz Lang.
=260  \\$aNarberth, Pa. :$bAlpha Video,$c2002, {copy}1927.
=300  \\$a1 videodisc (115 min.) :$bsilent, black and white ;$c4 3/4 in.
=336  \\$atwo-dimensional moving image$btdi$2rdacontent
=337  \\$avideo$bv$2rdamedia
=338  \\$avideodisc$bvd$2rdacarrier
=500  \\$aSilent with musical score.
=508  \\$aPhotography, Karl Freund ; writing credits, Fritz Lang and Thea von Harbou.
=511  1\$aBrigitte Helm, Alfred Abel, Gustav Frohlich, Rudolf Klein-Rogge, Fritz Rasp.
=520  \\$aAn expressionistic vision of a struggle between management and labor in a city of the future.
=538  \\$aDVD release of silent film made in 1925 ; date on container: 1927.
=655  \7$aScience fiction films.$2gsafd
=655  \7$aSilent films.$2gsafd
=655  \7$aFeature films.$2gsafd
=700  1\$aLang, Fritz,$d1890-1976.
=700  1\$aFr{uml}ohlich, Gustav.
=700  1\$aHelm, Brigitte,$d1908-1996.
=700  1\$aAbel, Alfred.
=700  1\$aHarbou, Thea von,$d1888-1954.
=914  \\$a743850
=994  \\$a02$bE9G

