=LDR  03413cgm  2200733Ia 4500
=001  205035
=005  20160611200750.0
=007  vd\cvaizk
=008  030102p20032001gw\107\g\\\\\\\\\\vlger\d
=020  \\$a0792186583
=024  10$a097363408048
=028  42$a340804$bParamount Pictures
=035  \\$a(OCoLC)ocm51299749
=040  \\$aMTG$cMTG$dTEF$dIBI$dJED$dOCLCQ$dZPP$dUtOrBLW
=041  1\$ager$jeng
=049  \\$aZPPA
=082  04$a791.43/72
=245  00$aMostly Martha /$cParamount Classics and Bavaria Film International presents Pandora Film Produktion GmbH, Koln in coproduktion mit Prisma Film, Wien, T&C Film AG, Zurich ... producers, Karl Baumgartner, Christoph Friedel ; written & directed by Sandra Nettelbeck.
=246  33$aBella Martha
=250  \\$aWidescreen version.
=260  \\$aHollywood, Calif. :$bParamount Pictures,$c[2003], {copy}2001.
=300  \\$a1 videodisc :$bsound, color ;$c4 3/4 in.
=336  \\$atwo-dimensional moving image$btdi$2rdacontent
=337  \\$avideo$bv$2rdamedia
=338  \\$avideodisc$bvd$2rdacarrier
=490  1\$aWidescreen DVD collection
=500  \\$aOriginally produced as a motion picture in 2001.
=508  \\$aDirector of photography, Michael Bertl ; editor, Mona Brauer ; original music, David Darling ... [et al.] ; costume designer, Bettina Helmi ; production designer, Thomas Freudenthal.
=511  1\$aMartina Gedeck, Maxime Foerste, August Zirner, Ulrich Thomsen, Sibylle Canonica, Katja Studt, Idil Uner, Sergio Castellitto.
=520  \\$aMartha is the chef who fusses and obsesses over each dish before it leaves the kitchen. The demands of her job and her natural shyness keep her from meeting new people. When her sister suddenly dies, Martha adopts Lina, her eight-year-old niece, completely changing both lives. Martha gets unexpected help from Mario, Martha's hunky new sous chef, who is not only a whiz on the chopping block but knows sundry magic tricks and jokes to keep Lina's spirits afloat. Just as Martha starts to grow attached to the girl, Lina's erratic father shows up demanding that he take her back to Italy with him.
=521  8\$aMPAA rating: PG; for thematic material and mild language.
=530  \\$aAlso issued on VHS.
=538  \\$aDVD, Dolby surround stereo., digital video disc, Region 1 encoding.
=546  \\$aGerman dialogue, English subtitles.
=650  \0$aCooks$vDrama.
=650  \0$aRestaurants$zGermany$vDrama.
=650  \0$aMan-woman relationships$vDrama.
=655  \7$aFeature films.$2gsafd
=655  \7$aComedy films.$2lcgft
=700  1\$aBaumgartner, Karl.
=700  1\$aFriedel, Christoph.
=700  1\$aNettelbeck, Sandra.
=700  1\$aGedeck, Martina.
=700  1\$aFoerste, Maxime.
=700  1\$aZivner, August.
=700  1\$aThomsen, Ulrich.
=700  1\$aCanonica, Sibylle.
=700  1\$aStudt, Katja,$d1973-
=700  1\$a{uml}Uner, Idil.
=700  1\$aCastellitto, Sergio,$d1953-
=700  1\$aBertl, Michael.
=700  1\$aBrauer, Mona.
=700  1\$aDarling, David.
=700  1\$aHelmi, Bettina.
=700  1\$aFreudenthal, Thomas.
=710  2\$aParamount Classics (Firm)
=710  2\$aBavaria Film International (Firm)
=710  2\$aPandora Film (Firm)
=710  2\$aPrisma Film (Firm)
=710  2\$aT & C Film AG.
=710  2\$aParamount Pictures Corporation.
=830  \0$aWidescreen DVD collection.
=914  \\$a782031
=994  \\$aX0$bZPP

