=LDR  02939cgm  2200733Ia 4500
=001  227879
=005  20160611202945.0
=007  vd\cvaizq
=008  040123p20041990fr\138\g\\\\\\\\\\vlfre\d
=020  \\$a0792859634
=024  10$a027616902276
=028  42$a1005998$bMetro Goldwyn Mayer Home Entertainment
=035  \\$a(OCoLC)ocm54077816
=037  \\$bMidwest Tapes$nhttp://www.midwesttapes.com
=040  \\$aTEFMT$cTEFMT$dJED$dRCS$dUtOrBLW
=041  0\$afre$jeng$jspa
=043  \\$ae-fr---
=049  \\$aOEKA
=082  04$a791.43/72$222
=130  0\$aCyrano de Bergerac (Motion picture : 1990)
=245  10$aCyrano de Bergerac /$ca co-production of Hachette Premiere, Camera One, Films A2, DD Productions, UGC ; screenplay by Jean-Paul Rappenau and Jean-Claude Carriere ; directed by Jean-Claude Petit.
=260  \\$aSanta Monica, CA :$bMGM Home Entertainment,$c2004.
=300  \\$a1 videodisc (138 min.) :$bsound, color ;$c4 3/4 in.
=336  \\$atwo-dimensional moving image$btdi$2rdacontent
=337  \\$avideo$bv$2rdamedia
=338  \\$avideodisc$bvd$2rdacarrier
=490  1\$aWorld films
=500  \\$aOriginally released as a motion picture in 1990.
=500  \\$aBased on the play by Edmond Rostand.
=500  \\$aSpecial features: original theatrical trailer.
=511  1\$aGerard Depardieu, Jacques Weber, Anne Brochet, Vincnet Perez, Roland Bertin, Josiane Stoleru, Philippe Volter, Philippe Moirer-Genoud, Pierre Maguelon.
=520  \\$aCyrano is a brilliant but hideously ugly poet, trying to get his true love, Roxanne.
=521  8\$aMPAA rating: PG.
=538  \\$aDVD, region 1, widescreen presentation; Stereo surround.
=546  \\$aIn French with English and Spanish subtitles; closed-captioned.
=600  10$aCyrano de Bergerac,$d1619-1655$vDrama.
=650  \0$aVideo recordings for the hearing impaired.
=650  \0$aAuthors, French$y17th century$vDrama.
=650  \0$aVideodiscs.
=650  \0$aSpanish language$vVideorecording.
=651  \0$aFrance$xHistory$y17th century$vDrama.
=655  \7$aFeature films.$2gsafd
=700  1\$aRappeneau, J.-P.
=700  1\$aCarr{grave}ere, Jean-Claude.
=700  1\$aPetit, Jean-Claude,$d1943 November 14-
=700  1\$aDepardieu, G{acute}erard,$d1948-
=700  1\$aWeber, Jacques,$d1949 August 23-
=700  1\$aBrochet, Anne,$d1966-
=700  1\$aPerez, Vincent,$d1962-
=700  1\$aBertin, Roland.
=700  1\$aStoleru, Josiane.
=700  1\$aVolter, Philippe.
=700  1\$aMorier-Genoud, Philippe.
=700  1\$aMaguelon, Pierre.
=700  1\$aRostand, Edmond,$d1868-1918.$tCyrano de Bergerac.
=710  2\$aHachette premi{grave}ere et cie.
=710  2\$aCam{acute}era one (Firm : France)
=710  2\$aFilms A2 (Firm)
=710  2\$aDD Productions (Firm)
=710  2\$aUGC Images (Firm)
=710  2\$aMGM Home Entertainment Inc.
=830  \0$aWorld films (MGM Home Entertainment Inc.)
=914  \\$a846544
=994  \\$aX0$bOEK

