=LDR  03069cgm  2200697Ia 4500
=001  230376
=005  20160611203206.0
=007  vd\cvaizq
=008  040427p20042003fr\095\\\\\\\\\\\\vlfre\d
=020  \\$a1404948651
=024  1\$a043396032460
=035  \\$a(OCoLC)ocm55034024
=037  \\$bMidwest Tapes$nhttp://www.midwesttapes.com
=040  \\$aTEFMT$cTEFMT$dSVP$dRCS$dIBI$dH{dollar}Y$dUtOrBLW
=041  1\$afre$atur$jeng$jpor$jspa$hfre
=049  \\$aH{dollar}YA
=082  04$a791.43/72$222
=090  \\$aPN1995.9.F67$bM667 2004
=245  00$aMonsieur Ibrahim et les fleurs du Coran /$cMichele et Laurent Petin presentent une production ARP en coproduction avec France 3 Cinema avec Canal+ ; un film de Francois Dupeyron ; producers, Laurent Petin, Michele Petin ; writers, Francois Dupeyron.
=246  1\$iTitle from container:$aMonsieur Ibrahim
=260  \\$a[Place of publication not identified] :$bSony Pictures Classics ;$aCulver City, Calif. :$bColumbia TriStar Home Entertainment,$c[2004]
=300  \\$a1 videodisc (95 min.) :$bsound, color ;$c4 3/4 in.
=336  \\$atwo-dimensional moving image$btdi$2rdacontent
=337  \\$avideo$bv$2rdamedia
=338  \\$avideodisc$bvd$2rdacarrier
=500  \\$aOriginally released as a motion picture in 2003.
=500  \\$aBased on the novel Monsieur Ibrahim et les fleurs du Coran by Eric-Emmanuel Schmitt.
=500  \\$aSpecial features: Omar Sharif audio commentary.
=508  \\$aDirector of photography, Remy Chevrin ; production designer, Katia Wyszkop ; editor, Dominique Faysse ; costume designer, Catherine Bouchard ; visual effects, Fabien Coupez.
=511  1\$aOmar Sharif, Pierre Boulanger, Gilbert Melki, Isabelle Renauld, Lola Naymark, Anne Suarez.
=520  \\$aAn elderly Turkish Muslim grocer befriends a lonely teenage Jewish boy in a working class section of Paris.
=521  8\$aMPAA rating: R; some sexual content.
=538  \\$aDVD, region 1, widescreen presentation (1.66:1); Dolby Digital 5.1.
=546  \\$aIn French with optional subtitles in English, Portuguese, or Spanish.
=650  \0$aFather figures$vDrama.
=650  \0$aFriendship$vDrama.
=651  \0$aParis (France)$vDrama.
=655  \7$aFeature films.$2gsafd
=655  \0$aMotion pictures, French.
=700  1\$aP{acute}etin, Mich{grave}ele.
=700  1\$aP{acute}etin, Laurent.
=700  1\$aDupeyron, Fran{cedil}cois.
=700  1\$aSharif, Omar,$d1932-2015.
=700  1\$aBoulanger, Pierre,$d1987-
=700  1\$aMelki, Gilbert.
=700  1\$aRenauld, Isabelle.
=700  1\$aNaymark, Lola.
=700  1\$aSuarez, Anne.
=700  1\$aChevrin, R{acute}emy,$d1963-
=700  1\$aWyszkop, Katia.
=700  1\$aFaysse, Dominique.
=700  1\$aBouchard, Catherine.
=700  1\$aCoupez, Fabien.
=700  1\$aSchmitt, {acute}Eric-Emmanuel.
=710  2\$aAuteurs, r{acute}ealisateurs, producteurs (Organization : France)
=710  2\$aFrance 3 cin{acute}ema (Firm)
=710  2\$aStudio Canal+.
=710  2\$aSony Pictures Classics (Firm)
=710  2\$aColumbia TriStar Home Entertainment (Firm)
=914  \\$a853525
=994  \\$a02$bH{dollar}Y

