=LDR  02404cgm  2200577Ia 4500
=001  235218
=005  20160611203642.0
=007  vd\bgaizm
=008  021102p20011963cau139\\\\\\\\\\\\vlita\d
=024  1\$a014381098723
=028  42$aID0987CODVD$bImage Entertainment
=035  \\$a(OCoLC)ocm50920348
=040  \\$aJHE$cJHE$dOCLCQ$dE9G$dUtOrBLW
=041  1\$aita$jeng
=043  \\$ae-it---
=049  \\$aE9GA
=090  \\$aPN1997$b.O77 2001
=130  0\$aOtto e mezzo (Motion picture)
=245  10$a8 1/2 /$cdi Federico Fellini ; Angelo Rizzoli presenta ; ideato e diretto da Federico Fellini ; prodotto da Angelo Rizzoli ; soggetto, Federico Fellini, Ennio Flaiano ; [prodotto da] Titanus ; una produzione Cineriz.
=246  3\$aEight and one half
=246  3\$aEight and a half
=260  \\$a[New York?] :$bCorinth Films ;$aChatwsorth, CA :$bImage Entertainment [distributor],$c[2002], {copy}2002.
=300  \\$a1 videodisc (139 min.) :$bsound, black and white ;$c4 3/4 in.
=336  \\$atwo-dimensional moving image$btdi$2rdacontent
=337  \\$avideo$bv$2rdamedia
=338  \\$avideodisc$bvd$2rdacarrier
=500  \\$aOriginally produced as motion picture in 1963.
=500  \\$aFeature duration: 138 min.
=500  \\$aAspect ratio 1.78:1; enhanced for 16:9 TVs.
=500  \\$aSpecial features include still gallery and press book.
=508  \\$aDirector of photography, Gianni di Venanzo ; editing, Leo Catozzo ; music, Nino Rota.
=511  1\$aMarcello Mastroianni, Claudia Cardinale, Anouk Aimee, Sandra Milo, Rossella Falk, Barbara Steele.
=520  \\$aFellini's autobiographical film about a famous film director who loses his inspiration in the midst of making a film.
=538  \\$aDVD (NTSC Region 1); Dolby digital mono.
=546  \\$aItalian with English subtitles.
=650  \0$aMotion pictures$zItaly$vDrama.
=650  \0$aMotion picture producers and directors$zItaly$vDrama.
=655  \7$aFeature films.$2gsafd$2lcgft
=700  1\$aFellini, Federico.
=700  1\$aRizzoli, Angelo.
=700  1\$aFlaiano, Ennio,$d1910-1972.
=700  1\$aMastroianni, Marcello,$d1924-1996.
=700  1\$aCardinale, Claudia,$d1939-
=700  1\$aAim{acute}ee, Anouk,$d1932-
=700  1\$aMilo, Sandra.
=710  2\$aTitanus (Firm)
=710  2\$aCorinth Films.
=710  2\$aCineriz (Firm)
=710  2\$aImage Entertainment (Firm)
=914  \\$a865815
=994  \\$a02$bE9G

