=LDR  02715cgm  2200589Ka 4500
=001  236556
=005  20160611203757.0
=007  vd\cvaizm
=008  040324p20041979xxu142\\\\\\\\\\\\vlger\d
=020  \\$a0780027973
=024  1\$a037429187128
=028  42$aTIN020$bCriterion Collection
=035  \\$a(OCoLC)ocm54802205
=037  \\$bMidwest Tapes$nhttp://www.midwesttapes.com
=040  \\$aTEFMT$cTEFMT$dRCS$dUtOrBLW
=041  1\$ager$jeng$hger
=049  \\$aOEKA
=082  04$a791.43/72$222
=130  0\$aBlechtrommel (Motion picture)
=245  14$aThe tin drum /$ca film by Volker Schlondorff.
=260  \\$a[United States] :$bCriterion Collection :$bDistributed by Home Vision Entertainment,$c[2004]
=300  \\$a2 videodiscs (142 min.) :$bsound, color ;$c4 3/4 in.
=336  \\$atwo-dimensional moving image$btdi$2rdacontent
=337  \\$avideo$bv$2rdamedia
=338  \\$avideodisc$bvd$2rdacarrier
=490  1\$aThe Criterion collection
=500  \\$aTitle from container.
=500  \\$aBased on the novel by Gunter Grass.
=500  \\$aDirector approved special edition features: Volker Schlondorff remembers the Tin drum, a 21 min. montage featuring Schondorff's thoughts and recollections about the film, along with on-set photos, storyboards, and images not included in the final film; reprinted excerpt of the screenplay's original, unfilmed ending; Banned in Oklahama, a doccumentary by Gary D. Rhodes following the child pornography lawsuit revolving around the Tin drum; production sketches, designs, and promotional art; original theatrical trailer.
=511  1\$aDavid Bennent, Mario Adorf, Angela Winkler, Katharina Thalbach.
=520  \\$aA German child refuses to grow up in response to the Nazi presence. To vent his hostility, he pounds on a tin drum.
=521  8\$aMPAA rating: Not rated.
=538  \\$aDVD, region 1, widescreen (1.78:1) presentation; Dolby Digital mono.
=546  \\$aIn German with optional English subtitles.
=650  \0$aForeign films.
=651  \0$aGermany$xHistory$y1945-1955$vDrama.
=655  \7$aFeature films.$2gsafd
=655  \0$aMotion pictures, German.
=700  1\$aSchl{uml}ondorff, Volker.
=700  1\$aAdorf, Mario.
=700  1\$aWinkler, Angela,$d1944-
=700  1\$aBennet, David.
=700  1\$aThalbach, Katharina,$d1954-
=700  1\$aGrass, G{uml}unter,$d1927-2015.$tBlechtrommel.
=700  12$aRhodes, Gary Don,$d1972-$tBanned in Oklahoma.
=710  2\$aCriterion Collection (Firm)
=710  2\$aHome Vision Entertainment (Firm)
=740  02$aVolker Schlondorff remembers the Tin drum.
=830  \0$aCriterion collection (DVD videodiscs)
=830  \0$aCriterion collection.
=914  \\$a869099
=994  \\$aX0$bOEK

