=LDR  02128cgm  2200481Ka 4500
=001  242451
=005  20160611204332.0
=007  vd\cvaizq
=008  041116p20052003xx\136\g\\\\\\\\\\vlger\d
=020  \\$a140495306X
=024  1\$a043396044258
=035  \\$a(OCoLC)ocm56977404
=037  \\$bMidwest Tapes$nhttp://www.midwesttapes.com
=040  \\$aTEFMT$cTEFMT$dRCS$dY#4$dUtOrBLW
=049  \\$aY#4A
=082  04$a791.43/72$222
=099  \\$aDVD ROSENSTRASSE
=245  00$aRosenstrasse /$cSamuel Goldwyn Films and Herbert G. Gloiber present a production by Studio Hamburg Letterbox Filmproduktion GmbH and Tele Munchen Gruppe in co-production with Get Reel Productions ; producers, Richard Schops, Henrik Meyer, Marcus Zimmer ; screenplay and director, Margarethe von Trotta.
=260  \\$aCulver City, Calif. :$bColumbia TriStar Home Entertainment,$c[2005]
=300  \\$a1 videodisc (approximately 136 min.) :$bsound, color ;$c4 3/4 in.
=336  \\$atwo-dimensional moving image$btdi$2rdacontent
=337  \\$avideo$bv$2rdamedia
=338  \\$avideodisc$bvd$2rdacarrier
=500  \\$aTitle from container.
=500  \\$aOriginally released as a motion picture in 2003.
=508  \\$aDirector of photography, Franz Rath ; editor, Corina Dietz ; music, Loek Dikker.
=511  1\$aKatja Riemann, Maria Schrader, Martin Feifel, Jurgen Vogel, Fedja van Huet.
=520  \\$aAfter the death of her father, Hannah becomes concerned with the strange behavior of her mother. As her mother's troubled childhood is revealed, Hannah realizes how little she ever knew.
=521  8\$aMPAA rating: PG13.
=538  \\$aDVD, widescreen presentation; Dolby Digital.
=650  \0$aForeign films.
=650  \0$aFathers$xDeath$vDrama.
=650  \0$aMothers and daughters$vDrama.
=653  \\$aVater$aTod$aDrama
=655  \7$aFeature films.$2gsafd
=700  1\$aTrotta, Margarethe von.
=700  1\$aRiemann, Katja,$d1963-
=700  1\$aSchrader, Maria,$d1965-
=700  1\$aFeifel, Martin,$d1964-
=700  1\$aDikker, Loek.
=710  2\$aColumbia TriStar Home Entertainment (Firm)
=914  \\$a884127
=994  \\$a02$bY#4

