=LDR  02020cgm  2200493Ka 4500
=001  263581
=005  20160611210325.0
=007  vd\cvaizq
=008  051129p20052002xxu111\\\\\\\\\\\\vlchi\d
=024  1\$a843171005784
=035  \\$a(OCoLC)ocm62364586
=037  \\$bMidwest Tapes$nhttp://www.midwesttapes.com
=040  \\$aTEFMT$cTEFMT$dRCS$dUtOrBLW
=041  1\$achi$jeng$hchi
=049  \\$aOEKA
=082  04$a791.43/72$222
=245  00$aBalzac and the little Chinese seamstress :$ba tailor made romance /$cproducer, Lise Fayolle ; screenplay, Sijie Dai ; directed by Sijie Dai.
=260  \\$a[United States] :$bEmpire Pictures,$c[2005]
=300  \\$a1 videodisc (111 min.) :$bsound, color ;$c4 3/4 in.
=336  \\$atwo-dimensional moving image$btdi$2rdacontent
=337  \\$avideo$bv$2rdamedia
=338  \\$avideodisc$bvd$2rdacarrier
=500  \\$aTitle from container.
=500  \\$aOriginally released as a motion picture in 2002.
=500  \\$aBased on the novel by Sijie Dai.
=508  \\$aCinematographer, Jean-Marie Dreujou ; editors, Luc Barnier, Julia Gregory ; music, Pujian Wang.
=511  1\$aXun Zhou, Kun Chen, Ye Liu, Shuangbao Wang, Zhijun Cong.
=520  \\$aSet in the early 1970s during the later stages of China's Cultural Revolution, two city-bred teenage best friends are sent to a backward mountainous region for Maoist re-education.
=521  8\$aMPAA rating: Not rated.
=538  \\$aDVD, region 1; Dolby Digital.
=546  \\$aChinese dialogue with optional English subtitles.
=650  \0$aProhibited books$vDrama.
=650  \0$aMan-woman relationships$vDrama.
=651  \0$aChina$xHistory$yCultural Revolution, 1966-1976$vDrama.
=655  \7$aFeature films.$2gsafd
=655  \7$aVideo recordings for the hearing impaired.$2lcgft
=700  1\$aDai, Sijie,$d1954-
=700  1\$aZhou, Xun,$d1976-
=700  1\$aChen, Kun,$d1976-
=700  1\$aLiu, Ye,$d1978-
=700  1\$aWang, Pujan.
=710  2\$aEmpire Pictures (Firm)
=914  \\$a933916
=994  \\$aC0$bOEK

