=LDR  04022ngm  2200781Ka 4500
=001  314820
=005  20160611215135.0
=007  vd\cvaizq
=008  070905s2007\\\\fr\141\g\\\\\\\\\\vlfre\d
=024  10$a026359441226
=028  42$a94412$bHBO Video
=035  \\$a(OCoLC)ocn166931104
=035  \\$a(OCoLC)166931104
=040  \\$aTEFMT$cTEFMT$dTEF$dBTCTA$dGK8$dUtOrBLW
=041  1\$afre$jeng$jfre$jspa$hfre
=043  \\$ae-fr---
=049  \\$aZPPA
=050  14$aPN1995.9.B55$bV54 2007
=082  04$a791.43/72$222
=245  03$aLa vie en rose /$cL{acute}egende ; Canal+ ; Sofica Valor 7 ; TPS Star in co-production with TF1 International, TF1 Films Productions, Songbird Pictures, Okko Productions ; produced by Alain Golman ; written by Olivier Dahan, Isabelle Sobelman ; directed by Olivier Dahan.
=250  \\$aExtended version.
=260  \\$a[New York] :$bHBO Video ;$aBurbank, CA :$bDistributed by Warner Home Video,$c[2007]
=300  \\$a1 videodisc (approximately 141 min.) :$bsound, color ;$c4 3/4 in.
=336  \\$atwo-dimensional moving image$btdi$2rdacontent
=337  \\$avideo$bv$2rdamedia
=338  \\$avideodisc$bvd$2rdacarrier
=500  \\$aSpecial features: "Stepping into character:" an exclusive behind the scenes look at Marion Cotillard's transformation into Edith Piaf's character, including an interview with the director and award-winning Marion Cotillard; Edith Piaf documentary.
=508  \\$aDirector of photography, Tetsuo Nagata ; editor, Richard Marizy ; music, Christopher Gunning ; costume designer, Marit Allen ; production designer, Olivier Raoux.
=511  1\$aMarion Cotillard, Sylvie Testud, Pascal Greggory, Emmanuelle Seigner, Jean-Paul Rouve, G{acute}erard Depardieu, Clotilde Courau, Jean-Pierre Martins, Catherine All{acute}egret, Marc Barb{acute}e.
=520  \\$aEdith Piaf was raised in a brothel, wrested from the only life she knew by her father so they could join the circus, Edith spent her teen years on the streets. She is finally "rescued" by a crime figure who gives her career a start, and, ultimately, her international success and final illness. She was always frail, sickly, malnourished, and wildly temperamental. She was often on drugs or alcohol, and she was always in search of true love. Middleweight boxer, Marcel Cerdan, captures her heart and gives her something to live for, besides her music--at least for a while.
=521  8\$aMPAA rating: PG-13; for substance abuse, sexual content, brief nudity, language and thematic elements.
=538  \\$aDVD, region 1, widescreen (2.35:1) presentation; Dolby Digital 5.1 surround.
=546  \\$aFrench dialogue, English, French or Spanish subtitles; closed-captioned.
=600  10$aPiaf, Edith,$d1915-1963$vDrama.
=650  \0$aWomen singers$zFrance$vDrama.
=650  \0$aFathers and daughters$zFrance$vDrama.
=650  \0$aCircus performers$zFrance$vDrama.
=650  \0$aMan-woman relationships$zFrance$vDrama.
=650  \0$aMotion pictures$zFrance.
=655  \7$aFeature films.$2lcgft
=655  \7$aBiographical films.$2lcgft
=655  \7$aMusical films.$2lcgft
=655  \7$aFilms for the hearing impaired.$2lcgft
=700  1\$aGoldman, Alain.
=700  1\$aDahan, Olivier.
=700  1\$aSobelman, Isabelle,$d1962-
=700  1\$aCotillard, Marion,$d1975-
=700  1\$aTestud, Sylvie.
=700  1\$aGreggory, Pascal,$d1955-
=700  1\$aSigner, Emmanuelle.
=700  1\$aRouve, Jean-Paul,$d1967-
=700  1\$aDepardieu, G{acute}erard,$d1948-
=700  1\$aCourau, Clotilde.
=700  1\$aMartins, Jean-Pierre.
=700  1\$aAll{acute}egret, Catherine,$d1946-
=700  1\$aBarb{acute}e, Marc.
=710  2\$aL{acute}egende Entreprises.
=710  2\$aStudio Canal+.
=710  2\$aSofica Valor 7 (Firm)
=710  2\$aTPS Star (Firm)
=710  2\$aTF1 International (Firm)
=710  2\$aTF1 Films Production.
=710  2\$aSongbird Pictures.
=710  2\$aOkko Productions.
=710  2\$aHBO Video (Firm)
=710  2\$aWarner Home Video (Firm)
=914  \\$a1051338
=994  \\$aC0$bZPP

