=LDR  03262cgm  2200685Ka 4500
=001  347858
=005  20160611222303.0
=007  vd\cvaizq
=008  080808s2008\\\\fr\102\g\\\\\\\\\\vlfre\d
=020  \\$a1592418449
=020  \\$a9781592418442
=024  10$a687797126092
=028  42$aFLP-12609$bFirst Look Home Entertainment
=035  \\$a(OCoLC)ocn241468039
=035  \\$a(OCoLC)241468039
=040  \\$aTEFMT$cTEFMT$dBTCTA$dTEF$dGK8$dOCLCQ$dUtOrBLW
=041  1\$afre$jeng$jspa$hfre
=043  \\$ae-fr---
=049  \\$aOEKA
=050  14$aPN1997.2$b.H67 2008
=082  04$a791.73/72$222
=245  00$aHors de prix =$bPriceless /$cLes Films Pelleas, TPS Star, Wild Bunch in co-production with France 2 Cinema, France 3 Cinema, Tovo Films ; KS2 Productions ; produced by Philippe Martin ; written by Beno{circ}it Graffin, Pierre Salvadori ; directed by Pierre Salvadori.
=246  3\$aPriceless.
=260  \\$a[New York] :$bFirst Look Home Entertainment,$c[2008]
=300  \\$a1 videodisc (102 min.) :$bsound, color ;$c4 3/4 in.
=336  \\$atwo-dimensional moving image$btdi$2rdacontent
=337  \\$avideo$bv$2rdamedia
=338  \\$avideodisc$bvd$2rdacarrier
=508  \\$aDirector of photography, Gilles Henry ; editor, Isabelle Devinck ; music, Camille Bazbaz.
=511  1\$aAudrey Tautou, Gad Elmaleh, Marie-Christine Adam, Vernon Dobtcheff, Jacques Spiesser, Annelise Hesme.
=520  \\$aIrene is with her elderly paramour, on the Riviera, to celebrate her birthday. When he falls asleep on her, she decides to slip down to the hotel bar. There, she mistakes barman Jean for a wealthy guest. He encourages the deceit by taking her up to the Royal Suite for the night. The following year, the same thing happens. This time her lover finds out and disowns her. Knowing Jean is a barman of little means doesn't stop her from wanting to be with him. Jean soon finds himself in Irene's shoes with an older and worldly-wise Madeleine. Even though they both have paramours, the two keep in increasingly close touch.
=521  8\$aMPAA rating: R.
=538  \\$aDVD, widescreen; Dolby Digital 5.1 surround.
=546  \\$aFrench dialogue, Spanish subtitles; English subtitles for the deaf and hard of hearing.
=650  \0$aParamours$zFrance$zRiviera$vDrama.
=650  \0$aBars (Drinking establishments)$zFrance$zRiviera$xEmployees$vDrama.
=650  \0$aMan-woman relationships$zFrance$zRiviera$vDrama.
=655  \7$aRomantic comedy films.$2lcgft
=655  \7$aVideo recordings for the hearing impaired.$2lcgft
=655  \7$aFeature films.$2lcgft
=655  \7$aFiction films.$2lcgft
=700  1\$aMartin, Philippe.
=700  1\$aGraffin, Benoit,$d1966-
=700  1\$aSalvadori, Pierre.
=700  1\$aTautou, Audrey,$d1976-
=700  1\$aElmaleh, Gad.
=700  1\$aAdam, M. C.
=700  1\$aDobtcheff, Vernon,$d1934-
=700  1\$aSpiesser, Jacques,$d1947-
=700  1\$aHesme, Annelise.
=710  2\$aLes Films Pelleas (Firm)
=710  2\$aTPS Star (Firm)
=710  2\$aWild Bunch (Firm)
=710  2\$aFrance 2 cin{acute}ema (Firm)
=710  2\$aFrance 3 cin{acute}ema (Firm)
=710  2\$aTovo Films.
=710  2\$aKS2 Productions.
=710  2\$aFirst Look Home Entertainment.
=914  \\$a1122042
=994  \\$aC0$bOEK

