=LDR  02958cgm  2200673Ka 4500
=001  354818
=005  20160611222939.0
=007  vd\cvaizq\\\\\\\\\\\\\\
=008  081205s2009\\\\cau117\\\\\\\\\\\\vlfre\d
=020  \\$a9781435938359
=020  \\$a1435938356
=024  1\$a043396280212
=028  42$a28021$bSony Pictures Home Entertainment
=035  \\$a(OCoLC)ocn277055987
=035  \\$a(OCoLC)277055987
=037  \\$bMidwest Tape$nhttp://www.midwesttapes.com
=040  \\$aTEFMT$cTEFMT$dTEF$dBTCTA$dTEF$dUtOrBLW
=041  1\$afre$aeng$jeng$hfre
=043  \\$ae-fr---
=049  \\$aZPPA
=082  04$a791.43/72$222
=245  00$aI've loved you so long /$cUGC Images ; Canal+ ; Eurimages ; France 3 Cin{acute}ema ; Integral Film ; Sofica Soficin{acute}ema 4 ; TPS Star ; produced by Yves Marmion ; writer, Philippe Claudel ; directed by Philippe Claudel.
=246  3\$aIl y a longtemps que je t'aime
=260  \\$aCulver City, Calif. :$bSony Pictures Home Entertainment,$c[2009]
=300  \\$a1 videodisc (ca.117 min.) :$bsound, color ;$c4 3/4 in.
=336  \\$atwo-dimensional moving image$btdi$2rdacontent
=337  \\$avideo$bv$2rdamedia
=338  \\$avideodisc$bvd$2rdacarrier
=500  \\$aTitle from container.
=500  \\$aOriginally released as a motion picture in 2008.
=508  \\$aDirector of photography, J{acute}er{circ}ome Alm{acute}eras ; editor, Virginie Bruant ; music, Jean-Louis Aubert.
=511  1\$aKristin Scott Thomas, Elsa Zylberstein, Serge Hazanavicius, Laurent Gr{acute}evill, Fr{acute}ed{acute}eric Pierrot.
=520  \\$aA shell-shocked Juliette is released from prison after serving 15 years for murdering her young son. As life has moved on, she must relearn certain basics. After being banished from her family, she is now reunited with her younger sister, Lea. Hopefully, Juliette will learn to forgive herself in the process.
=521  8\$aMPAA rating: PG-13; for thematic material and smoking.
=538  \\$aDVD, anamorphic widescreen (1.85:1); Dolby Digital 5.1 surround.
=546  \\$aFrench or dubbed English dialogue, English subtitles.
=650  \0$aWomen ex-convicts$zFrance$vDrama.
=650  \0$aSisters$zFrance$vDrama.
=650  \0$aExile (Punishment)$zFrance$vDrama.
=650  \0$aForgiveness$zFrance$vDrama.
=655  \7$aFeature films.$2lcgft
=655  \0$aMotion pictures, French.
=655  \7$aDetective and mystery films.$2lcgft
=700  1\$aMarmion, Yves.
=700  1\$aClaudel, Philippe,$d1962-
=700  1\$aScott-Thomas, Kristin,$d1960-
=700  1\$aZylberstein, Elsa.
=700  1\$aHazanavicius, Serge.
=700  1\$aGrevill, Laurent,$d1961-
=700  1\$aPierrot, Fr{acute}ed{acute}eric.
=710  2\$aUGC Images (Firm)
=710  2\$aStudio Canal+.
=710  2\$aEurimages (Firm)
=710  2\$aFrance 3 cin{acute}ema (Firm)
=710  2\$aIntegral Film (Firm)
=710  2\$aSofica Soficin{acute}ema 4 (Firm)
=710  2\$aTPS Star (Firm)
=710  2\$aSony Pictures Home Entertainment (Firm)
=914  \\$a1136777

