=LDR  03482cgm  2200769Ka 4500
=001  406874
=005  20170404014700.0
=007  vd\cvaizq
=008  100405s2010\\\\ilu152\\\\\\\\\\\\vlswe\d
=024  10$a705105743950
=028  42$aMBFHE005$bMusic Box Films
=035  \\$a(OCoLC)ocn600186613
=035  \\$a(OCoLC)600186613
=037  \\$bMidwest Tape$nhttp://www.midwesttapes.com
=040  \\$aTEFMT$cTEFMT$dBTCTA$dTEF$dTEFMT$dGK8$dIHV$dIUK$dEYP$dIHV$dEYM$dIHV$dZRK$dUtOrBLW
=041  1\$aswe$aeng$jeng$hswe
=043  \\$ae-sw---
=044  \\$ailu$asw$agw$adk$ano
=049  \\$aZRKA
=050  \4$aPN1997.2$b.G57 2010
=082  04$a791.43/72$222
=245  00$aM{uml}an som hatar kvinnor =$bThe girl with the dragon tattoo /$cZDF Enterprises ; Sveriges Television ; Nordisk Film ; ZDF ; written by Nikolaj Arcel and Rasmus Heisterberg ; directed by Niels Arden Oplev.
=246  30$aGirl with the dragon tattoo
=260  \\$a[Chicago] :$bMusic Box Films,$c[2010]
=300  \\$a1 videodisc (152 min.) :$bsound, color ;$c4 3/4 in.
=336  \\$atwo-dimensional moving image$btdi$2rdacontent
=337  \\$avideo$bv$2rdamedia
=338  \\$avideodisc$bvd$2rdacarrier
=500  \\$aBased on the novel by Stieg Larsson.
=508  \\$aDirector, Niels Arden Oplev.
=511  1\$aMichael Nyqvist, Noomi Rapace, Sven-Bertil Taube, Peter Haber, Peter Andersson, Marika Lagercrantz, Ingvar Hirdwall, Ewa Fr{uml}oling, Bj{uml}orn Granath, Lena Endre.
=520  \\$aForty years ago, Harriet Vanger disappeared from a family gathering on the island owned and inhabited by the powerful Vanger clan. Her body was never found and her beloved uncle is convinced she was murdered and that the killer is a member of his own tightly knit but dysfunctional family. He employs disgraced investigative journalist Mickael Blomkvist and the tattooed and troubled yet resourceful computer hacker Lisbeth Salander to investigate.
=521  8\$aMPAA rating: R; for disturbing violent content including rape, grisly images, sexual material, nudity and language.
=538  \\$aDVD, widescreen (2.35:1), 5:1 Dolby Digital.
=546  \\$aSwedish with English subtitles, or dubbed in English.
=650  \0$aMissing persons$vDrama.
=650  \0$aRich people$vDrama.
=650  \0$aCorruption$vDrama.
=650  \0$aJournalists$vDrama.
=650  \0$aHackers$vDrama.
=650  \0$aForeign films.
=651  \0$aSweden$vDrama.
=655  \7$aThrillers (Motion pictures)$2lcgft
=655  \7$aFiction films.$2lcgft
=655  \7$aFeature films.$2lcgft
=655  \7$aFilm adaptations.$2lcgft
=700  1\$aNyqvist, Michael,$d1960-$eactor.
=700  1\$aRapace, Noomi,$d1979-$eactor.
=700  1\$aTaube, Sven-Bertil,$d1934-$eactor.
=700  1\$aHaber, Peter,$d1952-$eactor.
=700  1\$aAndersson, Peter,$d1953-$eactor.
=700  1\$aLagercrantz, Marika,$eactor.
=700  1\$aHirdwall, Ingvar,$eactor.
=700  1\$aFr{uml}oling, Ewa,$d1952-$eactor.
=700  1\$aGranath, Bjorn,$d1946-$eactor.
=700  1\$aEndre, Lena,$d1955-$eactor.
=700  1\$aArcel, Nikolaj,$escreenwriter.
=700  1\$aHeisterberg, Rasmus,$escreenwriter.
=700  1\$aOplev, Niels Arden,$d1961-$edirector.
=700  1\$aLarsson, Stieg,$d1954-2004.$tM{uml}an som hatar kvinnor.
=710  2\$aMusic Box Films.
=710  2\$aSveriges television.
=710  2\$aZDF Enterprises.
=710  2\$aNordisk films kompagni.
=710  2\$aZweites Deutsches Fernsehen.
=914  \\$a1246271
=994  \\$aC0$bZRK

