=LDR  04930cgm  2200925Ia 4500
=001  408040
=005  20160611231706.0
=007  vd\cvaizq
=008  090918s2009\\\\cau099\\\\\\\\\\\\vlchi\d
=020  \\$a0788895257
=020  \\$a9780788895258
=024  1\$a786936789164
=024  1\$a031398134718
=028  42$a101255$bMiramax Films
=035  \\$a(OCoLC)ocn437049834
=040  \\$aTEFMT$beng$cTEFMT$dIJC$dTEF$dVP@$dWAU$dOCLCA$dOCLCQ$dOCLCA$dTEF$dOCLCQ$dUtOrBLW
=041  1\$achi$aeng$afre$aspa$jeng$jfre$jspa$hchi$geng
=043  \\$aa-cc---
=049  \\$aZPJA
=050  \4$aPN1997.2$b.H476 2009
=082  04$a791.43/72$222
=245  00$aHero /$cMiramax Films presents in association with Elite Group Enterprises Inc., an Edko Films, Zhang Yimou Studio Production in collaboration with China Film Co-Production Corporation, Sil-Metropole Organisation Limited and Beijing New Picture Film Co. Ltd., a Zhang Yimou film ; produced by Bill Kong, Zhang Yimou ; screenplay by Li Feng, Zhang Yimou, Wang Bin ; directed by Zhang Yimou.
=246  1\$iAlso known as:$aYing xiong
=250  \\$aSpecial ed.
=257  \\$aChina.
=260  \\$aBurbank, CA :$bMiramax Films :$bDistributed by Buena Vista Home Entertainment,$c[2009]
=300  \\$a1 videodisc (approximately 99 min.) :$bsound, color ;$c4 3/4 in.
=336  \\$atwo-dimensional moving image$btdi$2rdacontent
=337  \\$avideo$bv$2rdamedia
=338  \\$avideodisc$bvd$2rdacarrier
=500  \\$aOriginally released as a motion picture in 2002.
=500  \\$aSpecial features: Close-up of a fight scene; Inside the action: a conversation with Quentin Tarantino & Jet Li; "Hero defined" making of featurette; storyboards; soundtrack spot.
=508  \\$aDirector of photography, Christopher Doyle ; editors, Zhai Ru, Angie Lam ; music composer and conductor, Tan Dun ; action director, Tony Ching Siu-Tung ; visual effects supervisor, Ellen Poon ; story by Zhang Yimou, Li Feng, Wang Bin.
=511  1\$aJet Li, Tony Leung, Maggie Cheung, Zhang Ziyi, Chen Dao Ming, Donnie Yen.
=520  \\$aA fearless warrior rises up to defy an empire and unite a nation. With supernatural skill, and no fear, the soldier embarks on a mission of revenge against the fearsome army that has massacred his people. To achieve the justice he seeks, he must take on the empire's most ruthless assassins and reach the enemy he has sworn to defeat. The story of the First Emperor of China, who is on the brink of winning a war-torn land during the dawn of the Qin dynasty over 2,000 years ago. Three opponents are determined to kill the King, but the warrior stands in their way.
=521  8\$aMPAA rating: PG-13; for stylized martial arts violence and a scene of sensuality.
=521  8\$aCHV rating: PG.
=521  8\$aOFRB rating: PG.
=538  \\$aDVD ; NTSC, region 1 ; widescreen (2.35:1) ; Dolby Digital 5.1 surround, dual-layer, digitally mastered.
=540  \\$aThis DVD disc is copy protected.
=546  \\$aMandarin, dubbed English, dubbed French or dubbed Spanish dialogue with optional English, French or Spanish subtitles; English subtitles for the deaf and hard of hearing.
=650  \0$aSupernatural$vDrama.
=650  \0$aSoldiers$zChina$vDrama.
=650  \0$aRevenge$zChina$vDrama.
=650  \0$aAssassins$zChina$vDrama.
=650  \7$aSobrenatural$vTeatro.$2bidex
=650  \7$aSoldados$zChina$vTeatro.$2bidex
=650  \7$aVenganza$zChina$vTeatro.$2bidex
=650  \7$aAsesinos$zChina$vTeatro.$2bidex
=651  \0$aChina$xKings and rulers$vDrama.
=651  \0$aChina$xHistory$yQin dynasty, 221-207 B.C.$vDrama.
=651  \7$aChina$xReyes y soberanos$vTeatro.$2bidex
=651  \7$aChina$xHistoria$yDinast{acute}ia Ch'ing, 221-207 a.C.$vTeatro.$2bidex
=655  \7$aFeature films.$2lcgft
=655  \7$aMartial arts films.$2lcgft
=655  \7$aAction and adventure films.$2lcgft
=655  \7$aHistorical films.$2lcgft
=655  \7$aFiction films.$2lcgft
=655  \7$aVideo recordings for the hearing impaired.$2lcgft
=700  1\$aKong, Bill,$eproducer.
=700  1\$aZhang, Yimou,$eproducer,$escreenwriter,$edirector.
=700  1\$aLi, Feng,$escreenwriter.
=700  1\$aWang, Bin,$escreenwriter.
=700  1\$aLi, Jet,$d1963-$eactor.
=700  1\$aLeung, Tony Chiu Wai,$d1962-$eactor.
=700  1\$aZhang, Manyu,$eactor.
=700  1\$aZhang, Ziyi,$d1979-$eactor.
=700  1\$aChen, Daoming,$eactor.
=700  1\$aYen, Donnie,$d1963-$eactor.
=700  1\$aTan, Dun,$d1957-$ecomposer.
=710  2\$aMiramax Films.
=710  2\$aElite Group Enterprises.
=710  2\$aEdko Films.
=710  2\$aZhang Yimou gong zuo shi.
=710  2\$aZhongguo dian ying he zuo zhi pian gong si.
=710  2\$aYin du ji gou you xian gong si (Hong Kong, China)
=710  2\$aBeijing xin hua mian ying ye you xian gong si.
=710  2\$aBuena Vista Home Entertainment (Firm)
=914  \\$a1248455
=994  \\$aC0$bZPJ

