=LDR  03193cgm  2200697Ia 4500
=001  411210
=005  20160611231950.0
=007  vd\cvaizu
=008  080821s2008\\\\cau099\\\\\\\\\\\\vlfre\d
=024  1\$a012236100126
=028  42$a23739$bLions Gate Entertainment
=035  \\$a(OCoLC)ocn244252576
=035  \\$a(OCoLC)244252576
=040  \\$aJBO$cJBO$dTEF$dVCN$dLRU$dWAU$dBTCTA$dUtOrBLW
=041  1\$afre$jeng$jspa$hfre
=049  \\$aOEKA
=050  \4$aPN1997$b.D45 2008
=082  04$a791.437$bDEL
=245  00$aDelicatessen /$cun production Constellation, U.G.C. - Hatchette Premi{grave}ere ; Claudie Ossard pr{acute}esente ; scenario, Jean-Pierre Jeunet, Marc Caro, Gilles Adrien ; un film de Jeunet et Caro ; [directed by] Jean-Pierre Jeunet.
=250  \\$aSpecial ed.; widescreen.
=260  \\$a[Santa Monica, Calif.] :$bLions Gate Entertainment,$c[2008]
=300  \\$a1 videodisc (approximately 99 min.) :$bsound, color ;$c4 3/4 in.
=336  \\$atwo-dimensional moving image$btdi$2rdacontent
=337  \\$avideo$bv$2rdamedia
=338  \\$avideodisc$bvd$2rdacarrier
=500  \\$aOriginally produced as a motion picture in 1991 by Studio Canal.
=500  \\$aSpecial features: Fine cooked meats: the making of 'Delicatessen'; the archives of Jean-Pierre Jeunet ; feature commentary by director Jean-Pierre Jeunet ; theatrical trailer ; Delicatessen teasers ; photo gallery.
=508  \\$aDirector of photography, Darius Khonji ; editor, Herv{acute}e Schneid ; music, Carlos D'Alessio.
=511  1\$aDominique Pinon, Marie-Laure Dougnac, Jean-Claude Dreyfus, Karin Viard, Ticky Holgado, Anne Marie Pisani, Rufus, Jacques Mathou, Howard Vernon, Chick Ortega, Silvie Laguna, Jean-Francois Perrier.
=520  \\$aIn a futuristic society where meat is a rare commodity, a delicatessen serves up its customers as a nutritious replacement.
=521  8\$aMPAA rating: R; for violence.
=538  \\$aDVD, NTSC, region 1; widescreen 16 x 9 (1.78:1) ; Dolby Digital 5.1.
=546  \\$aFrench dialogue with optional English or Spanish subtitles.
=650  \0$aDelicatessens$vDrama.
=650  \0$aCannibalism$vDrama.
=650  \0$aMeat$vDrama.
=650  \0$aScarcity$vDrama.
=655  \7$aComedy films.$2lcgft
=655  \7$aDark comedy films.$2lcgft
=655  \7$aDystopian films.$2lcgft
=655  \7$aFiction films.$2lcgft
=655  \7$aFeature films.$2lcgft
=700  1\$aJeunet, Jean-Pierre,$d1955-$edirector,$escreenwriter.
=700  1\$aOssard, Claudie,$eproducer.
=700  1\$aCaro, Marc,$escreenwriter.
=700  1\$aAdrien, Gilles,$escreenwriter.
=700  1\$aD'Alessio, Carlos,$ecomposer.
=700  1\$aPinon, Dominique,$d1955-$eactor.
=700  1\$aDougnac, Marie-Laure,$eactor.
=700  1\$aDreyfus, Jean-Claude,$eactor.
=700  1\$aViard, Karin,$eactor.
=700  1\$aHolgado, Ticky,$eactor.
=700  1\$aPisani, Anne-Marie,$eactor.
=710  2\$aConstellation Films.
=710  2\$aU.G.C. (Firm)
=710  2\$aHachette premi{grave}ere et cie.
=710  2\$aStudio Canal.
=710  2\$aLions Gate Films.
=856  42$uhttp://www.mrqe.com/movies/m100002582?s=1$zConnect to reviews of this title online
=914  \\$a1255000
=994  \\$aC0$bOEK

