=LDR  03308cgm  2200673Ia 4500
=001  424876
=005  20160611233142.0
=007  vd\cvaizq
=008  101026p20102009ilu148\\\\\\\\\\\\vlswe\d
=024  10$a705105743554
=028  42$aMBFHE-009$bMusic Box Films
=035  \\$a(OCoLC)ocn671812168
=040  \\$aTEFMT$cTEFMT$dBTCTA$dTEF$dKYB$dGK8$dMR0$dEYP$dZPJ$dUtOrBLW
=041  1\$aswe$jeng$hswe
=044  \\$ailu$asw
=049  \\$aZPJA
=050  \4$aPN1997.2$b.L8456 2011
=082  04$a791.43/72$222
=245  00$aLuftslottet som spr{uml}angdes =$bThe girl who kicked the hornet's nest /$cYellow Bird presents ; in co-production with Nordisk Film, ZDF Enterprises, Sveriges Television [and others] ; produced by S{ostrok}ren St{aelig}rmose ; screenplay by Ulf Ryberg ; directed by Daniel Alfredson.
=246  31$aGirl who kicked the hornet's nest
=260  \\$aChicago, IL :$bMusic Box Films,$c[2010], {copy}2010.
=300  \\$a1 videodisc (148 min.) :$bsound, color ;$c4 3/4 in.
=336  \\$atwo-dimensional moving image$btdi$2rdacontent
=337  \\$avideo$bv$2rdamedia
=338  \\$avideodisc$bvd$2rdacarrier
=500  \\$aBased on the novel by Stieg Larsson.
=500  \\$aDVD release of the 2009 motion picture.
=500  \\$aContainer states incorrect running time of 2 hr., 9 min. (129 min.).
=500  \\$aSpecial features: English language dub track; theatrical trailer.
=508  \\$aComposer, Jacob Groth ; editor, H{ring}akan Karlsson ; cinematographer, Peter Mokrosinski.
=511  1\$aMichael Nyqvist, Noomi Rapace, Annika Hallin, Lena Endre, Anders Ahlbom Rosendahl, Hans Alfredson, Jacob Ericksson, Sofia Ledarp, Mikael Spreitz, Niklas Hjulstr{uml}om, Lennart Hjulstr{uml}om, Georgi Staykov.
=520  \\$aThe final installment of Stieg Larsson's 'Millennium' trilogy. Lisbeth Salander is fighting for her life in more ways than one. In an intensive care unit and charged with three murders, she will have to not only prove her innocence, but also identify and denounce the same corrupt government institutions that nearly destroyed her life. Once upon a time, she was a victim. Now, Lisbeth Salander is fighting back.
=521  8\$aMPAA rating: R; for strong violence, some sexual material and brief language.
=538  \\$aDVD ; widescreen (1.85:1) presentation ; Dolby Digital 5.1 surround.
=546  \\$aIn Swedish or dubbed English, with optional subtitles in English.
=650  \0$aJournalists$vDrama.
=650  \0$aHackers$vDrama.
=650  \0$aPolitical corruption$vDrama.
=650  \0$aSex crimes$vDrama.
=650  \0$aPsychiatric disability evaluation$vDrama.
=650  \0$aPhysician and patient$vDrama.
=650  \0$aForeign films.
=651  \0$aSweden$vDrama.
=655  \7$aFeature films.$2lcgft
=655  \7$aFiction films.$2lcgft
=655  \7$aLegal films.$2lcgft
=655  \7$aThrillers (Motion pictures)$2lcgft
=655  \7$aFilm adaptations.$2lcgft
=700  1\$aNyqvist, Michael,$d1960-
=700  1\$aRapace, Noomi,$d1979-
=700  1\$aAlfredson, Daniel,$d1959-$edirector.
=700  1\$aRyberg, Ulf.
=700  1\$aLarsson, Stieg,$d1954-2004.$tLuftslottet som spr{uml}angdes.
=710  2\$aMusic Box Films.
=710  2\$aNordisk films kompagni.
=710  2\$aZDF Enterprises.
=710  2\$aSveriges television.
=914  \\$a1285243
=994  \\$aC0$bZPJ

