=LDR  02710cgm  2200601Ia 4500
=001  438107
=005  20160611234315.0
=007  vd\cvaizq
=008  090129p20081954nyu108\\\\\\\\\\\\vlita\d
=019  \\$a613984641$a713257576
=020  \\$a9781604651348
=020  \\$a1604651342
=024  1\$a715515043618
=035  \\$a(OCoLC)ocn300301026
=035  \\$a(OCoLC)300301026$z(OCoLC)613984641$z(OCoLC)713257576
=037  \\$bMidwest Tape$nhttp://www.midwesttapes.com
=040  \\$aTEFMT$cTEFMT$dOCLCQ$dWIQ$dTEF$dCLE$dCGU$dVLB$dOCLCA$dZRK$dUtOrBLW
=041  1\$aita$jeng$hita
=049  \\$aZRKA
=050  14$aPN1992$b.S773 2008
=082  04$a791.43/72$222
=245  03$aLa strada /$cPonti-De Laurentiis ; soggetto e sceneggiatura, Federico Fellini, Tullio Pinelli ; dialoghi di Tullio Pinelli ; prodotto da Dino De Laurentiis e Carlo Ponti ; regia di Federico Fellini.
=260  \\$a[Irvington, N.Y.] :$bCriterion Collection,$c[2008], {copy}2008.
=300  \\$a1 videodisc (108 min.) :$bsound, black and white ;$c4 3/4 in.
=336  \\$atwo-dimensional moving image$btdi$2rdacontent
=337  \\$avideo$bv$2rdamedia
=338  \\$avideodisc$bvd$2rdacarrier
=490  1\$aCriterion collection
=490  1\$aEssential art house
=500  \\$aTitle from container.
=500  \\$aOriginally released as a motion picture in 1954.
=505  0\$aVideo introduction by Martin Socorsese -- Audio commentary by Peter Bondanella -- "Fredrico Fellini's Autobiography" a documentary for Italian television by Peter del Bosco -- New essay by film scholar Peter Matthews -- Theatrical trailer for English version.
=508  \\$aPhotography, Otello Martelli ; editor, Leo Catozzo, Lina Caterini ; music, Nino Rota.
=511  1\$aGiulleta Masina, Anthony Quinn, Richard Basehart, Aldo Silvani, Marcella Rovere.
=520  \\$aDirected by Federico Fellini, the story of a fragile girl who falls in love with a brute circus performer she was sold to by her mother.
=521  8\$aNot rated.
=538  \\$aDVD, region 1, fullscreen (1.33:1) presentation; Dolby Digital mono., NTSC.
=546  \\$aItalian dialogue; English subtitles.
=586  \\$aAcademy Award, Best Foreign Film.
=650  \0$aCircus$vDrama.
=655  \7$aVideo recordings for the hearing impaired.$2lcgft
=655  \7$aFeature films.$2lcgft
=700  1\$aFellini, Federico.
=700  1\$aPinelli, Tullio.
=700  1\$aQuinn, Anthony,$d1915-2001.
=700  1\$aMasina, Giulietta.
=700  1\$aBasehart, Richard,$d1914-1984.
=710  2\$aProduzione Ponti-de Laurentiis.
=710  2\$aCriterion Collection (Firm)
=830  \0$aCriterion collection.
=830  \0$aEssential art house.
=914  \\$a1312645
=994  \\$aC0$bZRK

