=LDR  01830ngm  22003852a 4500
=001  443942
=005  20160611234822.0
=007  vd\cvaizs
=008  110819s1963\\\\xxu185\e\\\\\\\\\\vlita\d
=020  \\$a9781604654288 :$c{dollar}39.99
=024  1\$a715515081214
=028  42$aICR081214D
=035  \\$a(MWT)ICR081214D
=040  \\$aMidwest$dUtOrBLW
=245  04$aThe leopard.
=250  \\$aWidescreen ed.
=260  \\$a[United States] :$bThe Criterion Collection,$c2004.
=300  \\$a3 videodiscs (approximately 185 min.) :$bsound, color ;$c4 3/4 in.
=336  \\$atwo-dimensional moving image$btdi$2rdacontent
=337  \\$avideo$bv$2rdamedia
=338  \\$avideodisc$bvd$2rdacarrier
=508  1\$aDirector, Lulchino Visconti.
=511  1\$aClaudia Cardinale, Terence Hill, Burt Lancaster.
=520  \\$aRecounts the years of Italy's Risorgimento, when the aristocracy lost its grip and the middle classes rose and formed a democratic Italy. Contains the original Italian version with optional subtitles, the English-language version, and special features. (This title has been repackaged.)
=520  1\$a"A magnificent spectacle."--Leonard Maltin
=520  1\$a"***1/2...one of the most beautiful epics ever produced...utterly breathtaking...worth the investment, this is highly recommended."--Video Librarian
=520  1\$a"Fascinating, moving, and satisfying."--Daily Express
=520  1\$a"One of the finest Cinemascope movies ever made, and Visconti's most personal meditation on history. Burt Lancaster is superb."--Time Out Film Guide
=538  \\$aDVD.
=546  \\$aItalian audio; English subtitles.
=700  1\$aLancaster, Burt,$d1913-1994.
=700  1\$aCardinale, Claudia.
=700  1\$aHill, Terence.
=856  7\$3View cover art$uhttp://midwesttapes.com/images/movies/icrcc1602d.gif$2http
=914  \\$a1324117

