=LDR  02844cgm  2200673Ia 4500
=001  445928
=005  20160611235008.0
=007  vd\cvaizq
=008  110809p20112009cau088\\\\\\\\\\\\vlchi\d
=024  10$a786936816068
=028  42$a107722$bDisney
=035  \\$a(OCoLC)ocn746080685
=037  \\$bMidwest Tape$nhttp://www.midwesttapes.com
=040  \\$aTEFMT$cTEFMT$dTEF$dJO6$dGK8$dZPJ$dUtOrBLW
=041  1\$achi$jeng$hchi
=043  \\$aa-cc---
=044  \\$acau$acc
=049  \\$aZPJA
=050  \4$aPN1997.2$b.T73 2011
=066  \\$c{dollar}1
=082  04$a791.43/72$223
=245  00$6880-01$aTrail of the Panda /$cCastle Hero Pictures Ltd. ; Beijing Ying Dong Media, Ltd. presents a Walt Disney Pictures release ; produced and written by Jennifer L. Liu and Jean Chalopin ; directed by Yu Zhong.
=246  31$aTrail of the panda
=257  \\$aChina.$2naf
=260  \\$aBurbank, Calif. :$bDistributed by Buena Vista Home Entertainment :$bWalt Disney Studios Home Entertainment,$c2011.
=300  \\$a1 videodisc (approximately 88 min.) :$bsound, color ;$c4 3/4 in.
=336  \\$atwo-dimensional moving image$btdi$2rdacontent
=337  \\$avideo$bv$2rdamedia
=338  \\$avideodisc$bvd$2rdacarrier
=490  1\$aDisney world cinema
=500  \\$aOriginally released as a motion picture in 2009.
=511  1\$aDaichi Harashima, Zheng Qi, Feng Li, Lianyou Zou, Siqin Chen, Tanis Chalopin.
=520  \\$aHigh in the mountains of the Sichuan province of China, a 10-year-old mute orphan boy, Lu, rescues a lost panda cub separated from its mother. As Lu struggles to protect the cub from trappers, the two form a unique connection. He names the panda cub Pang Pang (or 'Chubby') and gradually finds the confidence to speak again. When the cub is captured, Lu is forced to choose between his new companion and helping Pang Pang find its way home.
=521  8\$aMPAA rating: G.
=538  \\$aDVD, widescreen ; 1.85:1 aspect ratio.
=546  \\$aMandarin dialogue; English subtitles.
=650  \0$aPandas$vDrama.
=650  \0$aHuman-animal relationships$vDrama.
=655  \7$aFeature films.$2lcgft
=655  \7$aChildren's films.$2lcgft
=655  \7$aFiction films.$2lcgft
=700  1\$aChalopin, Jean,$d1950-
=700  1\$aLiu, Jennifer L.,$d1973-
=700  1\$aYu, Zhong$c(Director)
=700  1\$aHarashima, Daichi.
=700  1\$aQi, Zheng.
=700  1\$aLi, Feng.
=700  1\$aZou, Lianyou.
=700  1\$aChen, Siqin.
=700  1\$aChalopin,Tanis.
=710  2\$aCastle Hero Pictures Ltd.
=710  2\$aBeijing Ying Dong Media.
=710  2\$aWalt Disney Pictures.
=710  2\$aBuena Vista Home Entertainment (Firm)
=710  2\$aWalt Disney Studios Home Entertainment (Firm)
=830  \0$aDisney world cinema.
=880  00$6245-01/{dollar}1$a{esc}{dollar}1!Ix!Yg!7h'2>!Ze
=914  \\$a1328924
=994  \\$aC0$bZPJ

