=LDR  03228cgm  2200661Ia 4500
=001  476966
=005  20160612001743.0
=007  vd\mvaizq
=008  120621p20122011cau083\\\\\\\\\\\\vljpn\d
=024  1\$a876964004732
=028  42$a10473$bMagnolia Home Entertainment
=035  \\$a(OCoLC)ocn796035530
=035  \\$a(OCoLC)796035530
=040  \\$aTEFMT$cTEFMT$dTEF$dIH7$dCPL$dBPT$dWAU$dIK2$dUtOrBLW
=041  1\$ajpn$jeng$jspa$hjpn
=043  \\$aa-ja---
=049  \\$aZPPA
=050  \4$aTX649.O66$bJ57 2012
=050  \4$aTX649.O56$bJ57 2012
=082  04$a641.5092$223
=245  00$aJiro dreams of sushi /$cMagnolia Pictures ; City Room Films presents a Weaver/Pellegrini and Preferred Content production in association with Sundial Pictures ; produced by Kevin Iwashina, Tom Pellegrini ; a film by David Gelb ; directed and produced by David Gelb.
=250  \\$aWidescreen.
=257  \\$aUnited States$2naf
=260  \\$aLos Angeles, Calif. :$bMagnolia Home Entertainment,$c[2012]
=300  \\$a1 videodisc (83 min.) :$bsound, color with black and white sequences ;$c4 3/4 in.
=336  \\$atwo-dimensional moving image$btdi$2rdacontent
=337  \\$avideo$bv$2rdamedia
=338  \\$avideodisc$bvd$2rdacarrier
=500  \\$aOriginally released in 2011.
=500  \\$aSpecial features: Deleted scenes; masters; sushi gallery; optional commentary with director David Gelb and editor Brandon Driscoll-Luttinger; theatrical trailer.
=508  \\$aEditor, Brandon Driscoll-Luttringer ; cinematographer, David Gelb.
=511  1\$aJiro Ono, Yoshikazu Ono.
=518  \\$aFilmed in Tokyo, Japan.
=520  \\$aThe 85-year-old Jiro Ono is considered by many to be the world's greatest sushi chef. He is the proprietor of a 10-seat sushi-only restaurant inauspiciously located in a Tokyo subway station. Despite its humble appearances, it is the first restaurant of its kind to be awarded a prestigious 3-star Michelin review, and sushi lovers from around the globe make repeated pilgrimages, calling months in advance and shelling out top dollar for a coveted seat at Jiro's sushi bar.
=521  8\$aRating: PG; for mild thematic elements and brief smoking ;$aOFRB rating: G.
=538  \\$aDVD, NTSC, region 1, widescreen (1.78:1) presentation; Dolby digital 5.1.
=546  \\$aJapanese dialogue; with optional English or Spanish subtitles; closed-captioned in English.
=600  10$aOno, Jir{macr}o,$d1925-
=610  20$aSukiyabashi Jir{macr}o (Restaurant)
=650  \0$aCooks$zJapan$vBiography.
=650  \0$aSushi.
=650  \0$aCooking, Japanese.
=655  \7$aBiographical films.$2lcgft
=655  \7$aDocumentary films.$2lcgft
=655  \7$aNonfiction films.$2lcgft
=655  \7$aVideo recordings for the hearing impaired.$2lcgft
=700  1\$aIwashina, Kevin,$eproducer.
=700  1\$aPellegrini, Tom,$eproducer.
=700  1\$aGelb, David,$d1983-$eproducer,$edirector.
=700  1\$aOno, Jir{macr}o,$d1925-
=710  2\$aMagnolia Pictures (Firm)
=710  2\$aCity Room Films (Firm)
=710  2\$aWeaver/Pellegrini Productions.
=710  2\$aPreferred Content (Firm)
=710  2\$aSundial Pictures.
=710  2\$aMagnolia Home Entertainment (Firm)
=914  \\$a1385646
=994  \\$aC0$bZPP

