=LDR  02200cgm  2200517Ia 4500
=001  480538
=005  20160612002054.0
=007  vd\cvaizq
=008  120725s2012\\\\ilu094\\\\\\\\\\\\vlfre\d
=024  1\$a736211215550
=028  42$aMBFHE-040$bMusic Box Films
=035  \\$a(OCoLC)ocn801698554
=040  \\$aTEFMT$cTEFMT$dTEF$dIK2$dZPJ$dUtOrBLW
=041  1\$afre$jeng$hfre
=049  \\$aZPJA
=050  \4$aPN1997.2$b.M66 2012
=082  04$a791.43/72$223
=245  00$aMonsieur Lazhar /$cMusic Box Films presents a Micro_Scope production ; produced by Luc D{acute}ery, Kim McCraw ; written and directed by Philippe Falardeau.
=260  \\$aChicago, IL :$bMusic Box Films,$c[2012], {copy}2012.
=300  \\$a1 videodisc (94 min) :$bsound, color ;$c4 3/4 in.
=336  \\$atwo-dimensional moving image$btdi$2rdacontent
=337  \\$avideo$bv$2rdamedia
=338  \\$avideodisc$bvd$2rdacarrier
=500  \\$aTitle from container.
=500  \\$aSpecial features: From stage to screen; big talk interview with Philippe Falardeau; Alice and Simon audition tapes; Bachir's story; Alice's report.
=508  \\$aDirector of photography, Ronald Plante ; editor, St{acute}ephane Lafleur ; music, Martin L{acute}eon.
=511  1\$aMohamed Fellag, Sophie Nelisse, Emilien Neron, .
=520  \\$aAt a Montreal public grade school, an Algerian immigrant is hired to replace a popular teacher who committed suicide in her classroom. While helping his students deal with their grief, his own recent loss is revealed.
=521  8\$aRating: PG-13; mature thematic material, a disturbing image and brief language$aOFRB rating: PG.
=538  \\$aDVD, widescreen (2.35) presentation; Dolby Digital 5.1 surround.
=546  \\$aFrench dialogue; English subtitles.
=650  \0$aTeachers$vDrama.
=650  \0$aElementary schools$vDrama.
=650  \0$aSuicide$vDrama.
=650  \0$aGrief$vDrama.
=655  \7$aFeature films.$2lcgft
=700  1\$aDery, Luc.
=700  1\$aMcCraw, Kim.
=700  1\$aFalardeau, Philippe.
=700  1\$aFellag,$d1950-
=700  1\$aN{acute}elisse, Sophie.
=700  1\$aN{acute}eron, {acute}Emilien.
=710  2\$aMusic Box Films.
=710  2\$aMicro_Scope (Firm)
=914  \\$a1392042
=994  \\$aC0$bZPJ

