=LDR  03147cgm  2200601Ia 4500
=001  494643
=005  20160612003322.0
=007  vd\cvaizq
=008  041206s2004\\\\cau120\\\\\\\\\\\\vleng\d
=020  \\$a1404929088
=020  \\$a9781404929081
=024  1\$a043396007116
=024  1\$a043396007123
=028  41$a00711$bColumbia TriStar Home Entertainment
=035  \\$a(OCoLC)ocm57176605 
=035  \\$a(OCoLC)57176605$z(OCoLC)58476709$z(OCoLC)441922241
=040  \\$aSXP$beng$cSXP$dOCLCQ$dBTCTA$dOCLCG$dCOA$dCWJ$dOCLCA$dORX$dOCLCQ$dBDX$dTEF$dOEK$dUtOrBLW
=041  1\$achi$aeng$apor$aspa$afre$jeng$jfre$jspa$jpor$hchi
=043  \\$aa-mp---$aa-cc---
=049  \\$aOEKA
=050  \4$aPN1995.9.F67$bW368 2004
=082  04$a791.43/72$222
=245  00$aTian di ying xiong =$bWarriors of heaven and earth /$cColumbia Pictures Film Production Asia Limited ; Huayi Brothers & Taihe Film Investment Co., Ltd. ; X'ian Film Studio Corp. present in association with China Film Co-production Company ; directed by He Ping.
=246  31$aWarriors of heaven and earth
=250  \\$aWidescreen.
=260  \\$aCulver City, Calif. :$bColumbia TriStar Home Entertainment,$c2004.
=300  \\$a1 videodisc (approximately 120 min.) :$bsound, color ;$c4 3/4 in.
=336  \\$atwo-dimensional moving image$btdi$2rdacontent
=337  \\$avideo$bv$2rdamedia
=338  \\$avideodisc$bvd$2rdacarrier
=500  \\$aOriginally released as a motion picture in 2003.
=500  \\$aSpecial features: the making of "Warriors of heaven and earth" ; previews ; music video "Warriors of peace" by Jolin Tsai.
=508  \\$aMusic by A.R. Rahman ; editor, Kong Jinglei ; director of photography, Zhao Fei ; produced by Yan Yiyun, Wang Zhongjun ; screenplay by He Ping, Zhang Rui.
=511  1\$aJiang Wen, Nakai Kiichi, Zhao Wei, Wang Xueqi.
=520  \\$aSet in the ferocious Gobi Desert, the story follows Lieutenant Li and Japanese emissary Lai Xi, both first-class warriors and master swordsmen. After decades of service to the Chinese Emperor, Lai Xi longs to return to Japan, but is instead sent to the west to chase wanted criminals. His only passport back to Japan is to capture and execute Lieutenant Li, a renegade soldier wanted for leading a violent mutiny when he refused orders to kill female and child prisoners.
=538  \\$aDVD, Dolby digital.
=546  \\$aIn Mandarin, English, Portuguese, Spanish, or French ; optional subtitles in French, Spanish or Portuguese ; Closed-captioned.
=650  \0$aSwordsmen$vDrama.
=651  \0$aGobi Desert (Mongolia and China)$vDrama.
=655  \7$aHistorical films.$2lcgft
=655  \7$aFiction films.$2lcgft
=655  \7$aFeature films.$2lcgft
=655  \7$aVideo recordings for the hearing impaired.$2lcgft
=700  1\$aHe, Ping,$d1957-
=700  1\$aZhao, Wei,$d1976-
=700  1\$aJiang, Wen,$d1963-
=700  1\$aNakai, Kiichi,$d1961-
=700  1\$aWang, Xueqi,$d1946-
=710  2\$aColumbia Pictures Film Production Asia (Firm)
=710  2\$aXi'an dian ying zhi pian chang.
=710  2\$aZhongguo dian ying he zuo zhi pian gong si.
=914  \\$a1417805
=994  \\$aC0$bOEK

