=LDR  02931cgm  2200673Ia 4500
=001  497316
=005  20170404014805.0
=007  vd\cvaizq
=008  130131s2013\\\\cau112\\\\\\\\\\\\vlfre\d
=024  1\$a043396413764
=028  42$a41376$bSony Pictures Home Entertainment
=035  \\$a(OCoLC)ocn826203756
=040  \\$aTEFMT$cTEFMT$dTEF$dMR0$dIK2$dAPL$dUtOrBLW
=041  1\$afre$jeng$jspa$hfre
=043  \\$ae-fr---
=049  \\$aZPJA
=050  \4$aPN1997$b.I58 2013
=082  04$a791.43/72$223
=245  04$aThe intouchables /$cthe Weinstein Company presents ; a Quad Gaumont, TF1 Films production, Ten Films, Chaocorp coproduction ; produced by Nicolas Duval Adassovsky, Yann Zenou and Laurent Zeitoun ; written and directed by Eric Toledano and Olivier Nakache.
=257  \\$aFrance.
=260  \\$aCulver City, Calif. :$bSony Pictures Home Entertainment,$c2013.
=300  \\$a1 videodisc (112 min.) :$bsound, color ;$c4 3/4 in.
=336  \\$atwo-dimensional moving image$btdi$2rdacontent
=337  \\$avideo$bv$2rdamedia
=338  \\$avideodisc$bvd$2rdacarrier
=500  \\$aDVD release of the 2011 motion picture.
=500  \\$aSpecial features: Deleted scenes.
=508  \\$aDirector of photography, Mathieu Vadepied ; music, Ludovico Einaudi ; editor, Dorian Rigal-Ansous.
=511  1\$aFrancois Cluzet, Omar Sy, Anne Le Ny, Audrey Fleurot, Clotilde Mollet.
=520  \\$aAn irreverent, uplifting comedy about friendship, trust, and human possibility. Based on a true story of friendship between a handicapped millionaire and his street-smart ex-con caretaker, The Intouchables depicts an unlikely camaraderie rooted in honesty and humor between two individuals who, on the surface, would seem to have nothing in common.
=521  8\$aMPAA rating: R; for language and some drug use.
=538  \\$aDVD, anamorphic widescreen (1.85:1) presentation; Dolby digital 5.1 surround.
=546  \\$aIn French, with optional subtitles in English or Spanish.
=546  \\$aClosed-captioned.
=650  \0$aPeople with disabilities$vDrama.
=650  \0$aMillionaires$vDrama.
=650  \0$aEx-convicts$vDrama.
=650  \0$aFriendship$vDrama.
=650  \7$aDiscapacitados$vTeatro.$2bidex
=650  \7$aMillonarios$vTeatro.$2bidex
=650  \7$aAmistad$vTeatro.$2bidex
=650  \0$aForeign films.
=655  \7$aFeature films.$2lcgft
=655  \7$aVideo recordings for the hearing impaired.$2lcgft
=655  \7$aFeature films.$2gsafd
=700  1\$aDuval Adassovsky, Nicolas.
=700  1\$aZenou, Yann.
=700  1\$aZeitoun, Laurent.
=700  1\$aToledano, {acute}Eric.
=700  1\$aNakache, Olivier.
=700  1\$aCluzet, Fran{cedil}cois.
=700  1\$aSy, Omar.
=700  1\$aLe Ny, Anne.
=710  2\$aWeinstein Company.
=710  2\$aQuad Gaumont (Firm)
=710  2\$aTF1 Films Production.
=710  2\$aSony Pictures Home Entertainment (Firm)
=914  \\$a1422372
=994  \\$aC0$bZPJ

