=LDR  03425cgm  2200757Ia 4500
=001  497407
=005  20160612003546.0
=007  vd\cvaizu
=008  130213p20132012cau137\\\\\\\\\\\\vldan\d
=024  1\$a876964005357
=028  42$a10535$bMagnolia Home Entertainment
=035  \\$a(OCoLC)ocn827598801
=035  \\$a(OCoLC)827598801
=040  \\$aTEFMT$cTEFMT$dTEF$dEINCP$dMR0$dOCLCO$dZPP$dUtOrBLW
=041  1\$adan$jeng$jspa$hdan
=043  \\$ae-dk---
=049  \\$aZPPA
=050  \4$aPN1997.2$b.R69 2013
=082  04$a791.43/72$223
=245  02$aA royal affair /$cMagnolia Pictures and Zentropa Entertainments present ; produced by Louise Vesth [and others] ; written by Rasmus Heisterberg & Nikolaj Arcel ; directed by Nikolaj Arcel.
=246  1\$iDanish title:$aKongelig aff{aelig}re
=250  \\$aWidescreen.
=260  \\$aLos Angeles, Calif. :$bMagnolia Home Entertainment,$c[2013]
=300  \\$a1 videodisc (137 min.) :$bsound, color ;$c4 3/4 in.
=336  \\$atwo-dimensional moving image$btdi$2rdacontent
=337  \\$avideo$bv$2rdamedia
=338  \\$avideodisc$bvd$2rdacarrier
=500  \\$aTitle from container.
=500  \\$aDVD release of the 2012 motion picture.
=500  \\$aSpecial features: Interview with Mads Mikkelsen, Nikolaj Arcel and Alicia Vikander ; portraits and biographies ; Royal Family tree ; theatrical trailer.
=508  \\$aDirector of photography, Rasmus Videb{aelig}k ; editors, Mikkel E.G. Nielsen & Kasper Leick.
=511  1\$aTrine Dyrholm, David Dencik, Mads Mikkelsen, Alicia Vikander, Mikkel Boe Folsgaard.
=520  \\$aThe passionate and forbidden romance between the insane Danish King, the royal physician, and the young but strong-willed Queen leads to a revolution that changes an entire nation.
=521  8\$aMPAA rating: R; for sexual content and some violent images.
=538  \\$aDVD ; widescreen (2.35:1) presentation ; Dolby digital.
=546  \\$aIn Danish, with optional subtitles in English or Spanish.
=546  \\$aClosed-captioned.
=600  00$aCaroline Mathilde,$cQueen, consort of Christian VII, King of Denmark,$d1751-1775$vDrama.
=600  10$aStruensee, Johann Friedrich,$cgreve,$d1737-1772$vDrama.
=650  \0$aQueens$zDenmark$vDrama.
=650  \0$aMan-woman relationships$zDenmark$vDrama.
=650  \7$aReyes, reinas, soberanos, etc.$zDinamarca$vTeatro.$2bidex
=650  \7$aRelaciones hombre-mujer$zDinamarca$vTeatro.$2bidex
=651  \0$aDenmark$xHistory$yChristian VII, 1766-1808$vDrama.
=651  \7$aDinamarca$xHistoria$vTeatro.$2bidex
=655  \7$aFeature films.$2lcgft
=655  \7$aForeign films.$2lcgft
=655  \7$aRomance films.$2lcgft
=655  \7$aHistorical films.$2lcgft
=655  \7$aFiction films.$2lcgft
=655  \7$aMelodramas (Motion pictures)$2lcgft
=655  \7$aFeature films.$2gsafd
=655  \7$aHistorical films.$2gsafd
=655  \7$aVideo recordings for the hearing impaired.$2lcgft
=700  1\$aHeisterberg, Rasmus.
=700  1\$aArcel, Nikolaj.
=700  1\$aVesth, Louise.
=700  1\$aDyrholm, Trine,$d1972-
=700  1\$aDencik, David,$d1974-
=700  1\$aMikkelsen, Mads,$d1965-
=700  1\$aVikander, Alicia.
=700  1\$aF{ostrok}lsgaard, Mikkel Boe.
=710  2\$aMagnolia Home Entertainment (Firm)
=856  7\$3View cover art$uhttp://midwesttapes.com/images/movies/000/000/000/010/029/000000000010029471.gif$2http
=914  \\$a1422582
=994  \\$aC0$bZPP

