=LDR  02106cgm  2200541Ka 4500
=001  505761
=005  20160612004306.0
=007  vd\cvaizq
=008  130417s2013\\\\xxu108\\\\\\\\\\\\vlger\d
=024  1\$a741360538221
=028  42$aMBFHE-053$bMusic Box Films
=035  \\$a(OCoLC)ocn839697521
=040  \\$aTEFMT$cTEFMT$dTEF$dIHV$dZPJ$dUtOrBLW
=041  1\$ager$jeng$hger
=043  \\$ae-gx---
=049  \\$aZPJA
=050  \4$aPN1997.2$b.L67 2013
=082  04$a791.43/72$223
=245  00$aLore /$cdirector, Cate Shortland ; producer, Benny Dreschel [and others] ; screenwriters, Cate Shortland, Robin Mukherjee.
=260  \\$a[United States] :$bMusic Box Films,$c[2013]
=300  \\$a1 videodisc (108 min.) :$bsound, color ;$c4 3/4 in.
=336  \\$atwo-dimensional moving image$btdi$2rdacontent
=337  \\$avideo$bv$2rdamedia
=338  \\$avideodisc$bvd$2rdacarrier
=500  \\$aTitle from web.
=500  \\$aOriginally released as a motion picture in 2012.
=500  \\$aBonus features: making of Lore, Panel discussion, Memories of a (German Girl) and theatrical trailer.
=508  \\$aCinematographer, Adam Arkapaw ; composer, Max Richter.
=511  1\$aSaskia Rosendahl, Kai-Peter Malina, Nele Trebs.
=520  \\$aAbandoned by their Nazi parents at the end of World War II, five German siblings, led by fourteen year old Lore embark on a harrowing journey across their war-torn country.
=521  8\$aRating: Not rated.
=538  \\$aDVD, region 1, NTSC, widescreen (1.851) presentation; Dolby Digital 5.1.
=546  \\$aGerman dialogue; English subtitles.
=650  \0$aWorld War, 1939-1945$zGermany$vDrama.
=650  \0$aAbandoned children$zGermany$vDrama.
=650  \0$aNazis$zGermany$vDrama.
=650  \0$aForeign films.
=655  \7$aFeature films.$2lcgft
=655  \7$aWar films.$2lcgft
=700  1\$aShortland, Cate,$d1968-
=700  1\$aDreschel, Benny.
=700  1\$aMukherjee, R. N.
=700  1\$aRosendahl, Saskia.
=700  1\$aMalina, Kai-Peter.
=700  1\$aTrebs, Nele.
=710  2\$aMusic Box Films.
=914  \\$a1436823
=994  \\$aC0$bZPJ

