=LDR  01855cgm  2200433Ia 4500
=001  506409
=005  20160612004340.0
=007  vd\cvaizq
=008  130502s2013\\\\xxu113\\\\\\\\\\\\vlkor\d
=024  1\$a851339004128
=028  42$a412CJ$bCJ Entertainment
=035  \\$a(OCoLC)ocn841489151
=040  \\$aTEFMT$cTEFMT$dTEF$dRNC$dIH7$dZPJ$dUtOrBLW
=041  1\$akor$aeng$jeng$hkor
=049  \\$aZPJA
=050  \4$aPN1997.2$b.M37 2013
=082  04$a791.43/72$223
=245  00$aMasquerade ;$bthe king of fa{cedil}cade.
=260  \\$a[United States] :$bCJ Entertainment,$c2013.
=300  \\$a1 videodisc (131 min.) :$bsound, color ;$c4 3/4 in.
=336  \\$atwo-dimensional moving image$btdi$2rdacontent
=337  \\$avideo$bv$2rdamedia
=338  \\$avideodisc$bvd$2rdacarrier
=500  \\$aOriginally released as a motion picture in 2012.
=511  1\$aByung-Hun Lee, Seung-Yong Ryoo, Hyo-Ju Han.
=520  \\$aAmid national chaos and fear for his life, tyrannical King Gwanghae orders his trusted counselor to find a royal body double. He recruits a crude, working-class peasant, Ha-seon, a village performer who bears a startling resemblance to the ruler. When the king falls into a coma from poisoning, he is secreted away to recover and Ha-seon reluctantly assumes the throne, forced to pull off history's biggest masquerade.
=521  8\$aRating: PG-13.
=538  \\$aDVD, widescreen (2.35:1) presentation; Dolby digital 5.1 surround.
=546  \\$aKorean or English dialogue; English subtitles.
=650  \0$aKings and rulers$vDrama.
=650  \0$aImpostors and imposture$vDrama.
=650  \0$aLookalikes$vDrama.
=655  \7$aFeature films.$2lcgft
=700  1\$aYi, Py{breve}ong-h{breve}on,$d1970-
=700  1\$aRyoo, Seung-yong,$d1970-
=700  1\$aHan, Hyo-ju.
=710  2\$aCJ Ent'{breve}ot'einm{breve}ont'{breve}u (Firm)
=914  \\$a1437961
=994  \\$aC0$bZPJ

