=LDR  02629cgm  2200649Ka 4500
=001  512303
=005  20160612004856.0
=007  vd\cvaizq
=008  130617s2013\\\\cau127\\\\\\\\\\\\vlfre\d
=024  10$a043396417380
=028  42$a41738$bSony Pictures Home Entertainment
=035  \\$a(OCoLC)ocn848941911
=035  \\$a(OCoLC)848941911
=037  \\$bMidwest Tape$nhttp://www.midwesttapes.com
=040  \\$aTEFMT$beng$cTEFMT$dTEF$dGK8$dUtOrBLW
=041  1\$afre$jeng$hfre
=044  \\$acau$afr$agw$aau
=046  \\$k2012
=049  \\$aZPPA
=050  \4$aPN1997.2$b.A46 2013
=082  04$a791.43/72$223
=130  0\$aAmour (Motion picture : 2012)
=245  10$aAmour /$cLes films du losange ; X-Filme Creative Pool ; Wega Film ; produced by Margaret Menegoz ... [and others] ; written and directed by Michael Haneke.
=257  \\$aFrance$aGermany$aAustria.$2naf
=260  \\$aCulver City, Calif. :$bSony Pictures Home Entertainment,$c[2013]
=300  \\$a1 videodisc (127 min.) :$bsound, color ;$c4 3/4 in.
=336  \\$atwo-dimensional moving image$btdi$2rdacontent
=337  \\$avideo$bv$2rdamedia
=338  \\$avideodisc$bvd$2rdacarrier
=347  \\$avideo file$bDVD video$eRegion 1$2rda
=380  \\$aMotion picture
=511  1\$aIsabelle Huppert, Jean-Louis Trintignant, Emmanuelle Riva, William Shimell, Ramon Agirre, Rita Blanco.
=520  \\$aA touching tale of a loving couple whose unbreakable bonds of marriage are tested by life's greatest challenge.
=521  8\$aMPAA rating: PG-13; for mature thematic material including a disturbing act, and for brief language.
=538  \\$aDVD, widescreen (1.85) presentation; 5.0, Region 1.
=546  \\$aFrench dialogue; English subtitles.
=650  \0$aLove$vDrama.
=650  \0$aHusband and wife$vDrama.
=650  \0$aOld age$vDrama.
=655  \7$aFeature films.$2lcgft
=655  \7$aFiction films.$2lcgft
=655  \0$aForeign films.
=700  1\$aHuppert, Isabelle,$eactor.
=700  1\$aTrintignant, Jean-Louis,$eactor.
=700  1\$aRiva, Emmanu{grave}ele,$eactor.
=700  1\$aShimell, William,$eactor.
=700  1\$aAgirre, Ram{acute}on,$d1949-$eactor.
=700  1\$aBlanco, Rita,$d1963-$eactor.
=700  1\$aMenegoz, Margaret,$eproducer.
=700  1\$aHaneke, Michael,$d1942-$escreenwriter,$edirector.
=710  2\$aSony Pictures Home Entertainment (Firm)
=710  2\$aFilms du losange (Firm)
=710  2\$aX Filme Creative Pool.
=710  2\$aWega Film (Firm)
=856  7\$3View cover art$uhttp://midwesttapes.com/images/movies/000/000/000/010/994/000000000010994670.gif$2http
=914  \\$a1447852
=994  \\$aC0$bZPP

