=LDR  03334cgm  2200697Ii 4500
=001  530499
=005  20160612010518.0
=007  vd\cvaizq
=008  140212p20142013nyu142\\\\\\\\\\\\vlita\d
=020  \\$a9781604658361
=020  \\$a1604658363
=024  1\$a715515115117
=028  42$aCC2354DDVD$bThe Criterion Collection
=035  \\$a(OCoLC)ocn870344679
=035  \\$a(OCoLC)870344679
=040  \\$aTEFMT$beng$erda$cTEFMT$dTEF$dHOT$dMR0$dUtOrBLW
=041  1\$aita$jeng$hita
=043  \\$ae-it---
=049  \\$aZPJA
=050  \4$aPN1997.2$b.G74 2014
=082  04$a791.43/72$223
=245  04$aThe great beauty /$cproduced by Nicola Giuliano, Francesca Cima ; written by Paolo Sorrentino and Umberto Contarello ; directed by Paolo Sorrentino.
=246  1\$iOriginal title:$aGrande bellezza
=250  \\$a[Two-DVD special edition].
=264  \1$a[Place of publication not identified] :$b[Publisher not identified],$c[2014]
=264  \2$a[New York, N.Y.] :$bThe Criterion Collection.
=300  \\$a2 videodiscs (142 min.) :$bsound, color ;$c4 3/4 in.
=336  \\$atwo-dimensional moving image$btdi$2rdacontent
=337  \\$avideo$bv$2rdamedia
=338  \\$avideodisc$bvd$2rdacarrier
=344  \\$adigital$boptical$2rda
=347  \\$avideo file$bDVD video$eregion 1$2rda
=490  1\$aCriterion collection ;$v702
=500  \\$aTitle from container.
=500  \\$aDVD release of the 2013 motion picture.
=500  \\$aSpecial features: New conversation between Sorrentino and Italian cultural critic Antonio Monda ; new interview with actor Toni Servillo ; new interview with screenwriter Contarello ; deleted scenes ; trailer ; booklet featuring an essay by critic Phillip Lopate.
=508  \\$aCinematography, Luca Bigazzi ; editor, Cristiano Travaglioli ; music, Lele Marchitelli.
=511  1\$aCarlo Verdone, Toni Servillo, Sabrina Ferilli, Carlo Buccirosso.
=520  \\$aFor decades, journalist Jep Gambardella has charmed and seduced his way through the glittering nightlife of Rome. Since the legendary success of his only novel, he has been a permanent fixture in the city's literary and elite social circles. But on his sixty-fifth birthday, Jep unexpectedly finds himself taking stock of his life, turning his cutting wit on himself and his contemporaries.
=521  8\$aMPAA rating: Not rated.
=538  \\$aDVD ; widescreen (2.35:1) presentation ; Dolby digital 5.1 surround.
=546  \\$aIn Italian, with optional subtitles in English.
=650  \0$aOlder authors$zItaly$zRome$vDrama.
=650  \0$aBachelors$zItaly$zRome$vDrama.
=650  \0$aMotion pictures, Italian.
=650  \0$aForeign films$zItaly.
=651  \0$aRome (Italy)$vDrama.
=655  \7$aFiction films.$2lcgft
=655  \7$aFeature films.$2lcgft
=700  1\$aSorrentino, Paolo,$escreenwriter,$efilm director.
=700  1\$aContarello, Umberto,$escreenwriter.
=700  1\$aGiuliano, Nicola,$efilm producer.
=700  1\$aCima, Francesca,$efilm producer.
=700  1\$aVerdone, Carlo,$d1951-$eactor.
=700  1\$aServillo, Toni,$eactor.
=700  1\$aFerilli, Sabrina,$d1964-$eactor.
=710  2\$aCriterion Collection (Firm),$efilm distributor.
=830  \0$aCriterion collection (DVD videodiscs) ;$v702.
=830  \0$aCriterion collection ;$v702.
=914  \\$a1478306
=994  \\$aC0$bZPJ

