=LDR  04558cgm  2200889Ii 4500
=001  531823
=005  20170404014841.0
=007  vd\cvaizq
=008  140124p20142013cau108\\\\\\\\\\\\vlchi\d
=024  1\$a013132611549
=028  42$aWC61154$bWeinstein Company
=035  \\$a(OCoLC)ocn869016095
=035  \\$a(OCoLC)869016095
=040  \\$aTEFMT$beng$erda$cTEFMT$dTEF$dGK5$dPX0$dUtOrBLW
=041  1\$achi$aeng$jeng$jspa$hchi
=043  \\$aa-cc---
=049  \\$aZPJA
=050  \4$aPN1997.2$b.G73 2014
=066  \\$c{dollar}1
=082  04$a791.43/72$223
=245  04$aThe grandmaster /$cThe Weinstein Company, Annapurna Pictures, Block2 Pictures, Sil-Metropole Organisation Limited present ; a Jettone Films, Sil-Metropole Organisation Limited production ; a Wong Kar Wai film ; producers, Wong Kar Wai, Jacky Pang Yee Wah ; story by Wong Kar Wai ; screenplay by Zou Jingzhi, Xu Haofeng, Wong Kar Wai ; directed by Wong Kar Wai.
=246  1\$6880-01$iOriginal title:$aYi dai zong shi
=264  \2$aBeverly Hills, CA :$bAnchor Bay Entertainment,$c[2014]
=300  \\$a1 videodisc (approximately 108 minutes) :$bsound, color ;$c4 3/4 in.
=336  \\$atwo-dimensional moving image$btdi$2rdacontent
=337  \\$avideo$bv$2rdamedia
=338  \\$avideodisc$bvd$2rdacarrier
=340  \\$b4 3/4 in.$2rda
=344  \\$adigital$boptical$gsurround$hDolby Digital 5.1$2rda
=345  \\$awidescreen (2.35:1)$b24 fps$2rda
=346  \\$alaser optical$bNTSC$2rda
=347  \\$avideo file$bDVD video$eRegion 1$2rda
=380  \\$aMotion picture
=500  \\$aOriginally released as a motion picture in 2013.
=500  \\$aSpecial features: The grandmaster: from Ip man to Bruce Lee ; a conversation with Shannon Lee, daughter of Bruce Lee ; behind the scenes ; The Grandmaster according to RZA.
=508  \\$aOrignal score by Shigeru Umebayashi, Nathaniel Mechaly ; action choreographer, Yuen Wo Ping ; editors, William Chang, Suk Ping, Benjamin Courtines, Poon Hung Yu.
=511  1\$aTony Leung, Ziyi Zhang, Song Hye Kyo, Chang Chen, Zhao Benshan, Xiao Shenyang, Jin Zhang ; special appearances by Yuen Wo Ping, Lau Ka Yung, Cung Le.
=520  \\$aWatch an epic action feature inspired by the life and times of the legendary kung fu master, Ip Man, who mentored Bruce Lee. The story spans the tumultuous Republican era that followed the fall of China's last dynasty, a time of chaos, division, and war that was also the golden age of Chinese martial arts.
=521  8\$aMPAA rating: PG-13; for violence, some smoking, brief drug use and language.
=538  \\$aDVD, region 1, anamorphic widescreen (2.35:1) presentation; Dolby Digital 5.1.
=546  \\$aIn Mandarin Chinese or dubbed English; English or Spanish subtitles; English subtitles for the deaf and hard-of-hearing (SDH).
=588  \\$aTitle from disc surface.
=600  10$aYe, Wen,$d1893-1972$vDrama.
=650  \0$aKung fu$zChina$vDrama.
=650  \0$aMartial arts$zChina$vDrama.
=650  \0$aMartial artists$zChina$zFoshan Shi$vDrama.
=650  \0$aSino-Japanese War, 1937-1945$zChina$vDrama.
=651  \0$aChina$xHistory$y1937-1945$vDrama.
=651  \0$aFoshan Shi (China)$vDrama.
=655  \7$aFeature films.$2lcgft
=655  \0$aForeign films.
=655  \7$aAction and adventure films.$2lcgft
=655  \7$aHistorical films.$2lcgft
=655  \7$aMartial arts films.$2lcgft
=655  \7$aBiographical films.$2lcgft
=655  \7$aFiction films.$2lcgft
=655  \7$aVideo recordings for the hearing impaired.$2lcgft
=700  1\$aWong, Kar-wai,$d1958-$escreenwriter,$efilm director,$efilm producer.
=700  1\$aZou, Jingzhi,$escreenwriter.
=700  1\$aXu, Haofeng,$escreenwriter.
=700  1\$aPang Yee Wah, Jacky,$efilm producer.
=700  1\$aLeung, Tony Chiu Wai,$d1962-$eactor.
=700  1\$aZhang, Ziyi,$d1979-$eactor.
=700  1\$aZhang, Zhen,$d1976 October 14-$eactor.
=700  1\$aHye- Kyo, Song,$eactor.
=700  1\$aZhao, Benshan,$d1958-$eactor.
=700  0\$aXiaoshenyang,$d1981-$eactor.
=700  1\$aZhang, Jin,$d1974 May-$eactor.
=710  2\$aWeinstein Company,$eproduction company.
=710  2\$aAnnapurna Pictures,$eproduction company.
=710  2\$aChun guang ying hua (Firm),$eproduction company.
=710  2\$aYin du ji gou you xian gong si (Hong Kong, China),$eproduction company.
=710  2\$aJettone Films,$eproduction company.
=710  2\$aAnchor Bay Entertainment, Inc.,$efilm distributor.
=880  1\$6246-01/{dollar}1$iOriginal title:$a{esc}{dollar}1!0!!0s!:l!<Q
=914  \\$a1480664
=994  \\$aC0$bZPJ

