=LDR  04717cgm  2200889Ii 4500
=001  532563
=005  20160612010708.0
=007  vd\cvaizk
=008  140114p20142012nyu111\\\\\\\\\\\\vldut\d
=024  1\$a025192229794
=028  42$a88131410000$bCinedigm
=028  42$aNNVG10006149$bCinedigm
=035  \\$a(OCoLC)ocn868084148
=035  \\$a(OCoLC)868084148
=040  \\$aTEFMT$beng$erda$cTEFMT$dTEF$dPX0$dNAM$dZPJ$dUtOrBLW
=041  1\$adut$jeng$hdut
=043  \\$ae-be---
=049  \\$aZPJA
=050  14$aPN1997.2$b.B76546 2014
=082  04$a791.4372$223
=245  04$aThe broken circle breakdown /$cTribeca Film presents ; a Menuet and Tokapi Film production ; producers Rudy Verzyck, Arnold Heslerfeld, Frans Van Gestel, Laurette Schillings ; produced by Dirk Impens ; screenplay by Carl Joos and Felix Van Groeningen ; directed by Felix Van Groeningen.
=264  \2$a[New York, N.Y.] :$bDistributed by Cinedigm Entertainment,$c[2014]
=264  \4$c{copy}2014
=300  \\$a1 videodisc (approximately 111 minutes) :$bsound, color ;$c4 3/4 in.
=336  \\$atwo-dimensional moving image$btdi$2rdacontent
=337  \\$avideo$bv$2rdamedia
=338  \\$avideodisc$bvd$2rdacarrier
=340  \\$b4 3/4 in.$2rda
=344  \\$adigital$boptical$gsurround$hDolby Digital 5.1$2rda
=344  \\$adigital$boptical$gstereo$hDolby Digital 2.0$2rda
=345  \\$awidescreen (16:9)$b24 fps$2rda
=346  \\$alaser optical$bNTSC$2rda
=347  \\$avideo file$bDVD video$eRegion 1$2rda
=380  \\$aMotion picture
=500  \\$aOriginally released as a motion picture in 2012.
=500  \\$aBased on the play "The Broken Circle Breakdown featuring The Cover-ups of Alabama" by Johan Heldenbergh and Mieke Dobbels.
=500  \\$aRunning time incorrectly given on container as: approx. 70 mins.
=500  \\$aBonus features: Interview with director Felix Van Groeningen.
=508  \\$aSound design, Michel Shopping ; costume designer, Ann Lauwerys ; production design, Kurt Rigolle ; original soundtrack, Bjorn Eriksson ; editor, Nico Leunen ; director of photography, Ruben Impens.
=511  1\$aJohan Heldenbergh, Veerle Baetens, Nell Cattrysse, Geert Van Rampelberg, Nils De Caster, Robby Cleiren, Bery Huysentruyt, Jan Bijvoet.
=520  \\$aElise (Veerle Baetens) and Didier (Johan Heldenbergh) fall in love at first sight. She has her own tattoo shop and he plays the banjo in a bluegrass band. They bond over their shared enthusiasm for American music and culture, and dive headfirst into a sweeping romance that plays out on and off stage- but when an unexpected tragedy hits their new family, everything they know and love is tested. An intensely moving portrait of a relationship from beginning to end, propelled by a soundtrack of foot-stomping bluegrass, The Broken Circle Breakdown is a romantic drama of the highest order.
=521  8\$a[Not rated]
=538  \\$aDVD, NTSC, widescreen (16:9) presentation; Dolby Digital 5.1 surround.
=546  \\$aIn Flemish with English subtitles.
=588  \\$aTitle from disc surface.
=650  \0$aTattoo artists$vDrama.
=650  \0$aBanjoists$vDrama.
=650  \0$aBluegrass musicians$vDrama.
=650  \0$aBluegrass music$vDrama.
=650  \0$aMan-woman relationships$vDrama.
=655  \7$aFiction films.$2lcgft
=655  \7$aFeature films.$2lcgft
=655  \7$aMusical films.$2lcgft
=700  1\$aGroeningen, Felix van,$efilm director,$escreenwriter.
=700  1\$aJoos, Carl,$escreenwriter.
=700  1\$aImpens, Dirk,$efilm producer.
=700  1\$aVerzyck, Rudy,$efilm producer.
=700  1\$aHeslerfeld, Arnold,$efilm producer.
=700  1\$aGestel, Frans van,$efilm producer.
=700  1\$aSchillings, Laurette,$efilm producer.
=700  1\$aHeldenbergh, Johan,$d1967-$eactor.
=700  1\$aBaetens, Veerle,$eactor.
=700  1\$aCattrysse, Nell,$eactor.
=700  1\$aVan Rampelberg, Geert,$eactor.
=700  1\$aDe Caster, Nils,$eactor.
=700  1\$aCleiren, Robby,$eactor.
=700  1\$aHuysentruyt, Bery,$eactor.
=700  1\$aBijvoet, Jan,$eactor.
=700  1\$iMotion picture adaptation of (work):$aHeldenbergh, Johan,$d1967-$tBroken Circle Breakdown featuring The Cover-ups of Alabama.
=700  1\$iMotion picture adaptation of (work):$aDobbels, Mieke.$tBroken Circle Breakdown featuring The Cover-ups of Alabama.
=710  2\$aTribeca Productions,$epresenter.
=710  2\$aMenuet Producties,$eproduction company.
=710  2\$aTopkapi Films,$eproduction company.
=710  2\$aCinedigm (Firm),$efilm distributor.
=856  7\$3View cover art$uhttp://midwesttapes.com/images/movies/000/000/000/011/048/000000000011048882.gif$2http
=914  \\$a1481705
=994  \\$aC0$bZPJ

