=LDR  02841cgm  2200661Ma 4500
=001  535797
=005  20160612010959.0
=007  vd\cvaizq
=008  140310p20142013nyu107\g\\\\\\\\\\vlchi\d
=020  \\$a9781490609348
=020  \\$a1490609342
=028  41$aDW0161$bRB Media
=035  \\$a(OCoLC)ocn875187039
=035  \\$a(OCoLC)875187039
=040  \\$aRECBX$beng$cRECBX$dOCLCO$dE9G$dUtOrBLW
=041  0\$achi$atgl$aeng$jeng
=043  \\$aa-si---
=049  \\$aE9GA
=050  14$aPN1995.9.F67$bI46 2014
=082  04$a791.43$223
=245  00$aIlo ilo /$cFilm Movement, Singapore Film Commission, and Ngee Ann Polytechnic present a Fisheye Pictures production ; an Anthony Chen film ; produced by Ang Hwee Sim, Anthony Chen, Wahyuni A. Hadi ; directed by Anthony Chen.
=260  \\$a[New York] :$bFilm Movement ;$aPrince Frederick, MD :$bDistributed by RB Media,$c[2014], 2013.
=300  \\$a1 videodisc (99, 8 min.) :$bsound, color ;$c4 3/4 in.
=336  \\$atwo-dimensional moving image$btdi$2rdacontent
=337  \\$avideo$bv$2rdamedia
=338  \\$avideodisc$bvd$2rdacarrier
=490  1\$aFilm movement series
=500  \\$aTitle from container.
=500  \\$aRelease date supplied by distributor.
=500  \\$aOriginally released as motion picture in 2013.
=500  \\$aEnhanced for widescreen TV (16x9).
=500  \\$aSpecial features include: This month's short film: Blik (8 min.) / dir. by Bastiaan Schravendeel.
=508  \\$aDirector of photography, Benoit Soler ; editors, Hoping Chen, Joanne Cheong ; screenplay, Anthony Chen.
=511  1\$aYeo Yann Yann, Chen Tianwenn, Angeli Bayani, and introducing Koh Jialer.
=520  \\$aSingapore, late 90s. The friendship between the maid Teresa and young boy Jiale ignite the mother's jealousy, while the Asian recession hits the region.
=521  8\$aNot rated by the MPAA.
=538  \\$aDVD; Dolby surround; region 1.
=546  \\$aIn Mandarin, Tagalog, and English with English subtitles ; close-captioned.
=650  \0$aFamilies$zSingapore$vDrama.
=650  \0$aWomen household employees$zSingapore$vDrama.
=655  \7$aVideo recordings for the hearing impaired.$2lcgft
=655  \7$aFeature films.$2lcgft
=700  1\$aChen, Anthony,$d1984-$edirector.
=700  1\$aYeo, Yann Yann,$d1977-$eactor.
=700  1\$aChen, Tianwen,$d1963-$eactor.
=700  1\$aBayani, Angeli,$eactor.
=700  1\$aKoh, Jia Ler,$eactor.
=700  1\$aAng, Hwee Sim,$eproducer.
=700  1\$aHadi, Wayuni A.,$eproducer.
=710  2\$aFilm Movement (Firm)
=710  2\$aSingapore Film Commission.
=710  2\$aNgee Ann Polytechnic.$bSchool of Film & Media Studies.
=710  2\$aFisheye Pictures.
=740  02$aBlik.
=830  \0$aFilm Movement series.
=914  \\$a1486895
=938  \\$aRecorded Books$bRECB$nrdw90000161
=994  \\$aC0$bE9G

