=LDR  02969cgm  2200661Ki 4500
=001  552437
=005  20160612012456.0
=007  vd\cvaizu
=008  140728s2014\\\\xxu080\\\\\\\\\\\\vlpol\d
=020  \\$a9788379891719
=020  \\$a8379891716
=024  1\$a741360538542
=028  42$aMBF00079DVD$bMusic Box Films
=035  \\$a(OCoLC)ocn884738275
=037  \\$bMidwest Tape$nhttp://www.midwesttapes.com
=040  \\$aTEFMT$beng$erda$cTEFMT$dTEF$dCOO$dOCLCO$dRB0$dUtOrBLW
=041  1\$apol$jeng$hpol
=043  \\$ae-pl---
=049  \\$aZPJA
=050  \4$aPN1997.2$b.I33 2014
=082  04$a791.43/72$223
=245  00$aIda /$cOpus Film, Phoenix FIlm., in association with Portobello Pictures; a film by Pawe{lstrok} Pawlikowski.
=257  \\$aPoland.$2naf
=264  \1$a[United States] :$b[Publisher not identified],$c2014.
=264  \2$a[United States] :$bMusic Box Films,$c2014.
=300  \\$a1 videodisc (80 min.) :$bsound, black and white ;$c4 3/4 in.
=336  \\$atwo-dimensional moving image$btdi$2rdacontent
=337  \\$avideo$bv$2rdamedia
=338  \\$avideodisc$bvd$2rdacarrier
=344  \\$adigital$boptical$hDolby$2rda
=347  \\$avideo file$bDVD video$2rda
=500  \\$aOriginally produced as a motion picture in 2014.
=508  \\$aScreenplay, Pavel Pawlikowski, Rebecca Lenkiewicz; directors of photography, {Lstrok}ukasz{acute} Zal, Ryszard Lenczewski; editor, Jaroslav Kam{acute}inski; music, Kristian Selin Eidnes Andersen; producers Eric Abraham, Piotr Dz{commab}ieio{lstrok}, Ewa Puszcz{acute}ynska.
=511  1\$aAgata Kulesza, Agata Trzebuchowska, Dawd Ogrodnik, Joanna Kulig.
=520  \\$aA moving and intimate drama about a young novitiate nun in 1960s Poland who, on the verge of taking her vows, discovers a dark family secret dating from the terrible years of the Nazi occupation.
=521  8\$aRating: PG-13; for thematic elements, some sexuality and smoking.
=538  \\$aDVD; full screen (1.37:1) presentation; Dolby Digital 5.1.
=546  \\$aPolish dialogue; English subtitles.
=650  \0$aNuns$zPoland$vDrama.
=650  \0$aFamily secrets$vDrama.
=651  \0$aPoland$xHistory$yOccupation, 1939-1945$vDrama.
=655  \7$aFeature films.$2lcgft
=655  \7$aFiction films.$2lcgft
=655  \0$aForeign films.
=700  1\$aPawlikowski, Pawel,$efilm director,$escreenwriter.
=700  1\$aLenkiewicz, Rebecca,$escreenwriter.
=700  1\$a{acute}Zal, {Lstrok}ukasz,$ecinematographer.
=700  1\$aLenczewski, Ryszard,$d1948-$ecinematographer.
=700  1\$aKami{acute}nski, Jaroslav,$ecinematographer.
=700  1\$aAndersen, Kristian Eidnes,$ecomposer.
=700  1\$aKulig, Joanna,$d1982-$eactor.
=700  1\$aKulesza, Agata,$d1971-$eactor.
=700  1\$aTrzebuchowska, Agata,$eactor.
=700  1\$aOgrodnik, Dawid,$eactor.
=710  2\$aMusic Box Films,$eproduction company.
=856  7\$3View cover art$uhttp://midwesttapes.com/images/movies/000/000/000/011/107/000000000011107235.gif$2http
=914  \\$a1514660
=994  \\$aC0$bZPJ

