=LDR  03322cgm  2200649Ii 4500
=001  557022
=005  20160612012905.0
=007  vd\cvaizs
=008  140311p20142013nju082\\\\\\\\\\\\vlful\d
=035  \\$a(OCoLC)ocn872282362
=035  \\$a(OCoLC)872282362
=040  \\$aCCX$beng$erda$cCCX$dNTD$dOCLCO$dINU$dOCLCO$dOCLCF$dWAU$dH{dollar}Y$dUtOrBLW
=041  0\$aful$jeng$jfre
=043  \\$af-sg---
=049  \\$aH{dollar}YA
=090  \\$aPN1997.2$b.T3575 2013
=245  00$aGrand comme le baobab /$cdirected by Jeremy Teicher ; presented by CyberSmart Learning Institute with Wide Open Camera and Groupe Image et Vie ; story by Jeremy Teicher and Alexi Pappas with the students of {acute}Ecole SMB 1 ; producers, Jeremy Teicher, Mala Bawer, Jared Abrams, Chris Collins.
=246  1\$iContainer title:$aTall as the baobab tree
=257  \\$aUnited States$aSenegal$2naf
=257  \\$aSenegal$2naf
=264  \1$a[Bernardsville, N.J.] :$bCyberSmart Learning Institute,$c[2014]
=300  \\$a1 videodisc (82 min.) :$bsound, color ;$c4 3/4 in.
=336  \\$atwo-dimensional moving image$btdi$2rdacontent
=337  \\$avideo$bv$2rdamedia
=338  \\$avideodisc$bvd$2rdacarrier
=500  \\$a"Based on true stories."
=500  \\$aOriginally produced as a motion picture in 2013.
=500  \\$aIncludes bonus documentary also directed by Jeremy Teicher, This is us : video stories from Senegalese youth, the "short documentary that inspired Tall as the baobab tree."
=508  \\$aDirector of photography, Chris Collins ; editor, Sofi Marshall ; original music, Jay Wadley.
=511  1\$aDior K{circ}a, Oumoul K{circ}a, Alpha Dia, Cheikh Dia, Mohamed Diallo, Mboural Dia.
=520  \\$a"In a rural African village poised at the outer edge of the modern world, a teenage girl hatches a secret plan to rescue her 11-year-old sister from an arranged marriage. A ... voice from rural Africa's young generation, Tall as the Baobab Tree poignantly depicts a family struggling to find its footing between tradition and modernity ... where questions of right and wrong are not always black and white"--Container.
=538  \\$aDVD, NTSC; widescreen; stereo.
=546  \\$aIn Pulaar with subtitles in English or French.
=650  \0$aArranged marriage$zSenegal$vDrama.
=650  \0$aVillage communities$zSenegal$vDrama.
=650  \0$aGirls$zSenegal$vDrama.
=651  \0$aSenegal$vDrama.
=655  \7$aFiction films.$2lcgft
=655  \7$aFeature films.$2lcgft
=700  1\$aTeicher, Jeremy,$efilm producer,$efilm director.
=700  1\$aPappas, Alexi,$escreenwriter.
=700  1\$aBawer, Mala,$efilm producer.
=700  1\$aAbrams, Jared,$efilm producer.
=700  1\$aCollins, Chris$c(Cinematographer),$efilm producer,$edirector of photography.
=700  1\$aK{circ}a, Dior,$eactor.
=700  1\$aK{circ}a, Oumoul,$eactor.
=700  1\$aDia, Alpha,$eactor.
=700  1\$aDia, Cheikh,$eactor.
=700  1\$aDiallo, Mohamed,$eactor.
=700  1\$aDia, Mboural,$eactor.
=700  1\$aWadley, Jay,$ecomposer (expression)
=710  2\$aWide Open Camera (Firm),$eproduction company.
=710  2\$aCyberSmart Learning Institute,$eproduction company,$efilm distributor.
=710  2\$aGroupe Image et Vie,$eproduction company.
=730  02$iContainer of (work):$aThis is us (Motion picture)
=914  \\$a1521972
=994  \\$aC0$bH{dollar}Y

