=LDR  01993cgm  2200505Ii 4500
=001  563436
=005  20160612013454.0
=007  vd\cvaizu
=008  141020s2014\\\\xx\151\\\\\\\\\\\\vlpor\d
=024  1\$a857692005055
=028  42$aFM0050$bVideo Services Corp.
=035  \\$a(OCoLC)ocn893440074
=035  \\$a(OCoLC)893440074
=040  \\$aTEFMT$beng$erda$cTEFMT$dTEF$dIH9$dZPJ$dUtOrBLW
=041  1\$apor$aeng$afre$jeng$hpor
=043  \\$ae-po---
=049  \\$aZPJA
=050  \4$aPN1997.2$b.L56 2014
=082  04$a791.43/72$223
=245  00$aLines of Wellington.
=264  \1$a[Place of publication not identified] :$b[Publisher not identified],$c[2014]
=264  \2$aToronto :$bVideo Services Corp.
=300  \\$a2 videodisc (151 min.) :$bsound, color ;$c4 3/4 in.
=336  \\$atwo-dimensional moving image$btdi$2rdacontent
=337  \\$avideo$bv$2rdamedia
=338  \\$avideodisc$bvd$2rdacarrier
=344  \\$adigital$boptical$2rda
=347  \\$avideo file$bDVD video$2rda
=500  \\$aTitle from web page.
=500  \\$aBonus features: 30-minute "Making of", short films.
=511  1\$aJohn Malkovich, Catherine Deneuve, Isabelle Huppert, Mathieu Amalric, Michel Piccoli.
=520  \\$aIn 1810 Lisbon quakes before the impending invasion of Napoleonic forces led by Marshal Massena. Portuguese and English troops, led by the Duke of Wellington, rebuff the French, but at a terrible cost endured by peasants and aristocrats alike.
=538  \\$aDVD.
=546  \\$aPortuguese, French or English dialogue; English subtitles.
=600  10$aWellington, Arthur Wellesley,$cDuke of,$d1769-1852$vDrama.
=651  \0$aLisbon (Portugal)$xHistory$vDrama.
=655  \7$aFeature films.$2lcgft
=655  \7$aHistorical films.$2lcgft
=655  \7$aWar films.$2lcgft
=700  1\$aMalkovich, John,$eactor.
=700  1\$aDeneuve, Catherine,$d1943-$eactor.
=700  1\$aHuppert, Isabelle,$eactor.
=710  2\$aVideo Service Corp.
=914  \\$a1533462
=994  \\$aC0$bZPJ

