=LDR  03150cgm  2200685Ii 4500
=001  578819
=005  20170404015014.0
=007  vd\cvaizq
=008  150408p20152014cau141\\\\\\\\\\\\vlrus\d
=024  1\$a043396455160
=028  42$a45516$bColumbia
=035  \\$a(OCoLC)ocn906830736
=040  \\$aTEFMT$beng$erda$cTEFMT$dOCLCO$dBTCTA$dTEF$dMR0$dOCLCO$dUtOrBLW
=041  1\$arus$afre$jfre$jeng$hrus
=049  \\$aZPJA
=050  \4$aPN1997.2$b.L48 2015
=082  04$a791.43/72$223
=245  00$aLeviathan /$cscreenplay, Oleg Negin, Andrey Zvyaginstev ; director, Andrey Zvyagintsev.
=246  1\$iOriginal title:$aLeviafan
=264  \1$a[Culver City, California] :$bSony Pictures Home Entertainment,$c[2015]
=300  \\$a1 videodisc (141 min.) :$bsound, color ;$c4 3/4 in.
=336  \\$atwo-dimensional moving image$btdi$2rdacontent
=337  \\$avideo$bv$2rdamedia
=338  \\$avideodisc$bvd$2rdacarrier
=340  \\$aDVD video$b4 3/4 in.$2rda
=344  \\$adigital$boptical$g5.1 surround$hDolby Digital$2rda
=345  \\$aanamorphic widescreen (2.40:1)$2rda
=346  \\$aDVD-video$bNTSC$2rda
=347  \\$avideo file$bDVD video$eregion 1$2rda
=380  \\$aMotion picture.
=500  \\$aTitle from container.
=500  \\$aAnamorphic widescreen (1.85:1).
=500  \\$aDVD release of the 2014 motion picture.
=500  \\$aSpecial features: Commentary with director Andrey Zvyagintsev & producer Alexander Rodnyansky ; making-of.
=508  \\$aEditor, Anna Mass ; director of photography, Mikhail Krichman.
=511  1\$aAleksey Serebryakov, Roman Madyanov, Elena Lyadova.
=520  \\$aKolya lives in a small fishing town near the stunning Barents Sea in Northern Russia. He owns an auto-repair shop that stands right next to the house where he lives with his young wife Lilya and his son Roma. The town's corrupt mayor is determined to take away his business, his house, and his land.
=521  8\$aMPAA rating: R; for language and some sexuality/graphic nudity.
=538  \\$aDVD ; anamorphic widescreen (2.40:1) presentation ; Dolby digital 5.1 surround.
=546  \\$aIn Russian or dubbed French, with optional subtitles in English or French.
=546  \\$aClosed-captioned.
=546  \\$aOptional descriptive audio in English for the visually impaired.
=650  \0$aAutomobile mechanics$zRussia$vDrama.
=650  \0$aSmall business$zRussia$vDrama.
=650  \0$aMayors$xCorrupt practices$vDrama.
=650  \0$aFamilies$zRussia$vDrama.
=650  \0$aForeign films$zRussia.
=650  \0$aMotion pictures, Russian.
=655  \7$aFeature films.$2lcgft
=655  \7$aFiction films.$2lcgft
=655  \7$aVideo recordings for the hearing impaired.$2lcgft
=655  \7$aVideo recordings for people with visual disabilities.$2lcgft
=700  1\$aZv{llig}i{rlig}agin{llig}t{rlig}sev, Andre{breve}i,$d1964-$escreenwriter,$efilm director.
=700  1\$aNegin, O.,$escreenwriter.
=700  1\$aSerebr{llig}i{rlig}akov, Alekse{breve}i,$d1964-$eactor.
=700  1\$aMad{llig}i{rlig}anov, Roman,$eactor.
=700  1\$aL{llig}i{rlig}adova, Elena,$d1980-$eactor.
=710  2\$aSony Pictures Home Entertainment (Firm)
=914  \\$a1560618
=994  \\$aC0$bZPJ

