=LDR  04213cgm  2200817Ii 4500
=001  586916
=005  20170404015038.0
=007  vd\cvaizq
=008  150707p20152013ilu115\e\\\\\\\\\\vlswe\d
=024  1\$a741360538856
=028  42$aMBFHE103$bMusic Box Films
=035  \\$a(OCoLC)ocn913432256
=035  \\$a(OCoLC)913432256$z(OCoLC)913523832
=037  \\$bMidwest Tape$nhttp://www.midwesttapes.com
=040  \\$aTEFMT$beng$erda$cTEFMT$dTEF$dIK2$dPX0$dHQD$dOCLCF$dTFW$dOCLCO$dRB0$dOCL$dZRQ$dUtOrBLW
=041  1\$aswe$aeng$jeng$hswe
=043  \\$an-us---
=049  \\$aZRQA
=050  \4$aPN1997.2$b.A12 2015
=082  04$a791.43/72$223
=245  04$aThe 100 year-old man who climbed out the window and disappeared /$cBuena Vista International Sweden and Nice FLX Pictures presents ; a film by Felix Herngren ; producers, Malte Forssell, Felix Herngren, Henrik Jansson-Schweizer, Patrick Nebout ; script, Felix Herngren and Hans Ingemansson ; director, Felix Herngren.
=246  3\$aOne hundred year-old man who climbed out the window and disappeared
=246  3\$aHundred year-old man who climbed out the window and disappeared
=246  1\$iOriginal title:$aHundra{ring}aringen som klev ut genom f{uml}onstret och f{uml}orsvann
=264  \1$aChicago, IL :$bMusic Box Films,$c[2015]
=300  \\$a1 videodisc (115 minutes) :$bsound, color ;$c4 3/4 in.
=336  \\$atwo-dimensional moving image$btdi$2rdacontent
=337  \\$avideo$bv$2rdamedia
=338  \\$avideodisc$bvd$2rdacarrier
=340  \\$b4 3/4 in.$2rda
=344  \\$adigital$boptical$gsurround$hDolby Digital 5.1$2rda
=345  \\$awidescreen (2.39:1)$b24 fps$2rda
=346  \\$bNTSC$2rda
=347  \\$avideo file$bDVD video$eRegion 1$2rda
=380  \\$aMotion picture
=500  \\$aLanguage options taken from DVD menu screen.
=500  \\$aBased on the novel by Jonas Jonasson.
=500  \\$aWidescreen (2.39).
=500  \\$aOriginally produced as motion picture in 2013.
=500  \\$aBonus features: The making of "The 100 year-old man"; Interview with Felix Herngren; Interview with Robert Gustafsson; Theatrical trailer.
=508  \\$aMusic, Matti Bye ; Director of photography, G{uml}oran Hallberg ; film editor, Henrick K{uml}allberg.
=511  1\$aRobert Gustafsson, Iwar Wiklander, David Wiberg, Mia Sk{uml}aringer.
=520  \\$aWhen Allan lands in a nursing home, he refuses to celebrate his 100th birthday and instead escapes out a window to embark on a journey that involves a suitcase of cash and a gang of criminals. Flashbacks reveal that Allan played a key role in 20th century history when he was pals with U.S. presidents and Russian tyrants.
=521  8\$aMPAA rating: R; for language and some violence.
=538  \\$aDVD, NTSC region 1, widescreen (2.39:1) presentation; Dolby Digital 5.1 surround.
=546  \\$aIn Swedish or Swedish & English; English subtitles; English subtitles for the deaf and hard-of-hearing (SDH).
=650  \0$aCentenarians$vDrama.
=650  \0$aNursing homes$vDrama.
=650  \0$aFlashbacks$vDrama.
=650  \0$aOlder people$vDrama.
=655  \7$aFeature films.$2lcgft
=655  \7$aFiction films.$2lcgft
=655  \7$aFilm adaptations.$2lcgft
=655  \7$aAction and adventure films.$2lcgft
=655  \7$aComedy films.$2lcgft
=655  \7$aVideo recordings for the hearing impaired.$2lcgft
=700  1\$aHerngren, Felix,$d1967-$efilm director,$escreenwriter,$efilm producer.
=700  1\$aIngemansson, Hans,$d1964-$escreenwriter.
=700  1\$aForssell, Malte,$d1959-$efilm producer.
=700  1\$aJansson-Schweizer, Henrik,$d1969-$efilm producer.
=700  1\$aNebout, Patrick,$efilm producer.
=700  1\$aGustafsson, Robert,$d1964-$eactor.
=700  1\$aWiklander, Iwar,$d1939-$eactor.
=700  1\$aWiberg, David,$d1973-$eactor.
=700  1\$aSk{uml}aringer, Mia,$d1976-$eactor.
=700  1\$iMotion picture adaptation of (work):$aJonasson, Jonas,$d1961-$tHundra{ring}aringen som klev ut genom f{uml}onstret och f{uml}orsvann.
=710  2\$aMusic Box Films,$edistirbutor.
=856  7\$3View cover art$uhttp://midwesttapes.com/images/movies/000/000/000/011/353/000000000011353113.jpg$2http
=914  \\$a1574850
=994  \\$aC0$bZRQ
=019  \\$a913523832

