=LDR  03628cgm  2200745Ii 4500
=001  591437
=005  20160612020000.0
=007  vd\cvaizq
=008  150406p20152014cau112\\\\\\\\\\\\vlfre\d
=024  1\$a712267341429
=028  40$a3414-2$bStrand Releasing Home Video
=035  \\$a(OCoLC)ocn906617519
=035  \\$a(OCoLC)906617519$z(OCoLC)910569516
=040  \\$aTEFMT$beng$erda$cTEFMT$dTEF$dBTCTA$dGZD$dOCLCO$dPAU$dYGM$dOCLCO$dGK8$dINU$dIXA$dOCLCO$dTOH$dNUI$dOCLCO$dAI#$dIBI$dOCLCO$dOCLCF$dOCLCO$dEMU$dOCLCO$dIDU$dWAU$dOCLCO$dCOO$dOCLCO$dUtOrBLW
=041  1\$afre$jeng$hfre
=043  \\$ae-fr---
=046  \\$k2014
=049  \\$aOEKA
=050  \4$aPN1997.2$b.B344 2015
=082  04$a791.43/72$223
=245  00$aBande de filles :$bgirlhood /$cHold-Up Films et Lilies Films pr{acute}esentent en coproduction avec Arte France cin{acute}ema ; un film de C{acute}eline Sciamma ; produit par B{acute}en{acute}edicte Couvreur ; sc{acute}enario, C{acute}eline Sciamma.
=246  1\$iContainer title:$aGirlhood
=257  \\$aFrance$2naf
=264  \1$a[Culver City, Calif.] :$bStrand Releasing Home Video,$c[2015]
=300  \\$a1 videodisc (112 min.) :$bsound, color ;$c4 3/4 in.
=336  \\$atwo-dimensional moving image$btdi$2rdacontent
=337  \\$avideo$bv$2rdamedia
=338  \\$avideodisc$bvd$2rdacarrier
=344  \\$adigital$boptical$gsurround$2rda
=346  \\$bNTSC$2rda
=347  \\$avideo file$bDVD video$2rda
=380  \\$aMotion pictures$2lcgft
=500  \\$aOriginally released as a motion picture in 2014.
=500  \\$aBonus features: Interview with actress Karidja Tour{acute}e; original theatrical trailer.
=508  \\$aDirector of photography, Crystel Fournier ; editor, Julien Lacheray ; original music, Para One.
=511  1\$aKaridja Tour{acute}e, Assa Sylla, Lindsay Karamoh, Mari{acute}etou Tour{acute}e.
=520  \\$a"Fed up with her abusive family situation, lack of school prospects and the 'boys' law' in the neighborhood, Marieme ... starts a new life after meeting a group of three free-spirited girls. She changes her name, her style, drops out of school and starts stealing to be accepted into the group. When her home situation becomes unbearable, Marieme seeks solace in an older man who promises her money and protection"--Container.
=521  8\$aNot rated.
=538  \\$aDVD, NTSC, Region 1; widescreen (aspect ratio 2.35:1); 5.1 surround sound.
=546  \\$aIn French with optional subtitles in English.
=650  \0$aTeenage girls$vDrama.
=650  \0$aAbusive parents$vDrama.
=650  \0$aGangs$vDrama.
=651  \0$aParis (France)$vDrama.
=655  \7$aComing-of-age films.$2lcgft
=655  \7$aFeature films.$2lcgft
=655  \7$aFiction films.$2lcgft
=655  \7$aFeature films$zFrance.$2local
=655  \7$aForeign language films$xFrench.$2local
=655  \7$aFrench-language films.$2local
=700  1\$aSciamma, C{acute}eline,$d1980-$efilm director,$escreenwriter.
=700  1\$aCouvreur, B{acute}en{acute}edicte,$efilm producer.
=700  1\$aTour{acute}e, Karidja,$eactor.
=700  1\$aSylla, Assa,$eactor.
=700  1\$aKaramoh, Lindsay,$eactor.
=700  1\$aTour{acute}e, Mari{acute}etou,$eactor.
=700  1\$aFournier, Crystel,$edirector of photography.
=700  0\$aPara One,$d1979-$ecomposer (expression),$eperformer.
=710  2\$aHold up Films,$eproduction company.
=710  2\$aLilies Films,$eproduction company.
=710  2\$aArte France cin{acute}ema (Firm),$eproduction company.
=710  2\$aStrand Releasing Home Video (Firm),$epublisher.
=856  7\$3View cover art$uhttp://midwesttapes.com/images/movies/000/000/000/011/295/000000000011295735.jpg$2http
=914  \\$a1582509
=994  \\$aC0$bOEK

