=LDR  02045cgm  2200505Ki 4500
=001  593443
=005  20160612020146.0
=007  vd\cvaizu
=008  150824p20152014nyu096\\\\\\\\\\\\vlger\d
=024  1\$a857692005185
=035  \\$a(OCoLC)ocn919095554
=035  \\$a(OCoLC)919095554
=037  \\$bMidwest Tape$nhttp://www.midwesttapes.com
=040  \\$aTEFMT$beng$erda$cTEFMT$dTEF$dOCLCO$dRECBX$dE9G$dUtOrBLW
=041  1\$ager$jeng$hger
=049  \\$aE9GA
=050  \4$aPN1997.2$b.A46 2015
=082  04$a791.43/72$223
=245  00$aAmour fou /$cdirector, Jessica Hausner.
=264  \1$a[New York, New York] :$bFilm Movement,$c[2015]
=300  \\$a1 videodisc (96 min.) :$bsound, color ;$c4 3/4 in.
=336  \\$atwo-dimensional moving image$btdi$2rdacontent
=337  \\$avideo$bv$2rdamedia
=338  \\$avideodisc$bvd$2rdacarrier
=344  \\$adigital$boptical$2rda
=347  \\$avideo file$bDVD video$2rda
=380  \\$aMotion picture.
=500  \\$aTitle from sell sheet.
=500  \\$aWidescreen.
=511  1\$aChristian Friedel, Birte Schnoeink, Stephan Grossmann.
=520  \\$aForever under-appreciated and melancholy, Heinrich is a young poet in Romantic Era Berlin who determines his best way out of despair is to end it all, and he sets about finding a woman to join him in his predetermined departure. Recently diagnosed with a terminal illness, the well-off but unremarkable Henrietta, fascinated by Heinrich's controversial "The Marquise of O," finds his offer intriguing, if a bit strange.
=538  \\$aDVD.
=546  \\$aGerman dialogue; English subtitles.
=650  \0$aSuicide pacts$vDrama.
=650  \0$aPoets$vDrama.
=655  \7$aFeature films.$2lcgft
=655  \7$aComedy films.$2lcgft
=655  \7$aFiction films.$2lcgft
=700  1\$aHausner, Jessica,$efilm director.
=700  1\$aFriedel, Christian,$d1979-$eactor.
=700  1\$aSchnoeink, Birte,$eactor.
=700  1\$aGrossmann, Stephan,$eactor.
=710  2\$aFilm Movement (Firm),$epublisher.
=914  \\$a1585292
=994  \\$aC0$bE9G

