=LDR  03373cgm  2200709Ka 4500
=001  594388
=005  20160612020236.0
=007  vd\cvaizu
=008  061004p20032013it\368\\\\\\\\\\\\vlita\d
=010  \\$a   62303351 
=019  \\$a466163650
=024  1\$a786936291193
=028  03$a40836$bMiramax
=035  \\$a(OCoLC)ocn225279676
=035  \\$a(OCoLC)225279676$z(OCoLC)466163650
=040  \\$aAU@$beng$cAU@$dGSC$dCBY$dVWM$dOCLCO$dOCLCA$dUVV$dOCLCO$dH{dollar}Y$dUtOrBLW
=041  1\$aita$afre$jeng$jspa$hita
=043  \\$ae-it---
=046  \\$k2003
=049  \\$aH{dollar}YA
=050  \0$aPN1995.9.F67$bM44 2003b
=082  04$a791.4372$222
=245  04$aThe best of youth =$bLa meglio giovent{grave}u /$cRAI Radiotelevisione Italiana presenta ; un film di Marco Tullio Giordana ; produced by Angelo Barbagallo & Donatella Botti ; written by Sandro Petraglia & Stefano Rulli ; directed by Marco Tullio Giordana.
=246  13$aMeglio giovent{grave}u.
=257  \\$aItaly$2naf
=260  \\$a[U.S.] :$bMiramax,$c[2003]
=264  \3$aLexington, KY :$bAmazon.com.kydc,$c[2013]
=300  \\$a2 videodiscs (DVD) (368 min.) :$bsound, color ;$c4 3/4 in.
=336  \\$atwo-dimensional moving image$btdi$2rdacontent
=337  \\$avideo$bv$2rdamedia
=338  \\$avideodisc$bvd$2rdacarrier
=500  \\$aK5498 -- K5970.
=500  \\$aOriginally released as a motion picture in 2003.
=500  \\$aCataloged from container and "IMDb".
=508  \\$aCinematography, Roberto Forza ; editing, Roberto Missiroli ; costume design, Elisabetta Montaldo.
=511  0\$aLuigi Lo Cascio, Alesso Boni.
=520  8\$aNicola (Luigi Lo Cascio) and Matteo (Alessio Boni) Carati are two brothers of Rome, who live the years from 1966 to 2000 and all the events which have signed this period. They begin their adventure, helping Giorgia (Jasmine Trinca), a young girl confined in an asylum. Then, after the flood of Florence, Nicola meets Giulia (Sonia Bergamasco) a talented piano player with a dangerous sympathy for the BR. Alessio, a rebel spirit entered in the police, will find the optimistic photographer Mirella (Maya Sansa). These four characters and many others will cross the years of terrorism and Tangentopoli.
=538  \\$aDVD, region 1, NTSC ; widescreen, enhanced for 16x9 television ; Dolby Digital.
=546  \\$aItalian or dubbed French dialogue, optional subtitles in English and Spanish; closed-captioned.
=650  \0$aFeature films$zItaly$y2001-2010.
=650  \0$aBrothers$zItaly$vDrama.
=650  \0$aYouth$zItaly$xSocial conditions$vDrama.
=651  \0$aItaly$xHistory$y1945-1976$vDrama.
=651  \0$aItaly$xHistory$y1976-$vDrama.
=655  \7$aFiction films.$2lcgft
=700  1\$aGiordana, Marco Tullio,$edirector.
=700  1\$aPetraglia, Sandro,$escreenwriter.
=700  1\$aRulli, Stefano,$escreenwriter.
=700  1\$aBarbagallo, Angelo,$eproducer.
=700  1\$aBotti, Donatella,$eproducer.
=700  1\$aLo Cascio, Luigi,$d1967-$eactor.
=700  1\$aBoni, Alessio,$eactor.
=700  1\$aAsti, Adriana,$d1933-$eactor.
=700  1\$aTrinca, Jasmine,$eactor.
=700  1\$aBergamasco, Sonia,$eactor.
=700  1\$aMontaldo, Elisabetta,$ecostume designer.
=710  2\$aRadiotelevisione italiana.
=710  2\$aLions Gate Films.
=710  2\$aMiramax Films.
=740  02$aMeglio gioventu.
=914  \\$a1586792
=994  \\$aC0$bH{dollar}Y

