=LDR  02811cgm  2200637Ki 4500
=001  601192
=005  20160612020842.0
=007  vd\csaizq
=008  151103s2015\\\\cau122\\\\\\\\\\\\vleng\d
=024  1\$a043396465855
=028  42$a46585$bColumbia
=035  \\$a(OCoLC)ocn927416317
=035  \\$a(OCoLC)927416317
=037  \\$bMidwest Tape$nhttp://www.midwesttapes.com
=040  \\$aTEFMT$beng$erda$cTEFMT$dOCLCO$dTEF$dBTCTA$dOCLCF$dSFR$dH{dollar}Y$dUtOrBLW
=041  1\$aeng$aspa$afre$jspa$jfre$jeng$heng
=043  \\$aa-cc-im
=049  \\$aH{dollar}YA
=050  \4$aPN1997.2$b.W65 2015
=082  04$a791.43/72$223
=245  00$aWolf totem /$cdirector, Jean-Jacques Annaud ; produced by Xavier Castano, William Kong.
=264  \1$aCulver City, CA :$bSony Pictures Home Entertainment,$c[2015]
=300  \\$a1 videodisc (122 min.) :$bsound, color ;$c4 3/4 in.
=336  \\$athree-dimensional moving image$btdm$2rdacontent
=337  \\$avideo$bv$2rdamedia
=338  \\$avideodisc$bvd$2rdacarrier
=344  \\$adigital$boptical$hDolby Digital 5.1$2rda
=347  \\$avideo file$bBlu-Ray$2rda
=380  \\$aMotion picture
=500  \\$aTitle from web page.
=500  \\$aWidescreen (2.40 anamorphic)
=511  1\$aShao-Feng Feng, Shawn Dou, Ankhnyam Ragchaa.
=520  \\$aA young Beijing student is sent to live among the nomadic herdsmen of Inner Mongolia. Caught between the advance of civilization from the south and the nomads' traditional enemies - the marauding wolves - to the north; humans and animals, residents and invaders alike, struggle to find their true place in the world.
=521  8\$aRating: PG-13; for disturbing images and violence involving animals, and for brief sexuality.
=538  \\$aBlu-ray, widescreen (2.40:1 anamorphic) presentation; requires Blu-ray player; Dolby Digital 5.1; Region A
=546  \\$aEnglish, Spanish or French dialogue; Spanish or French subtitles; English subtitled for the deaf and hard of hearing.
=650  \0$aNomads$vDrama.
=650  \0$aWolves$vDrama.
=650  \7$aPersonas$vTeatro.$2bidex
=650  \7$aLobos$vTeatro.$2bidex
=651  \0$aInner Mongolia (China)$xCivilization$vDrama.
=655  \7$aAction and adventure films.$2lcgft
=655  \7$aFiction films.$2lcgft
=655  \7$aFeature films.$2lcgft
=655  \7$aVideo recordings for the hearing impaired.$2lcgft
=700  1\$aKong, Bill,$efilm producer.
=700  1\$aCastano, Xavier,$efilm producer.
=700  1\$aAnnaud, Jean-Jacques,$efilm director.
=700  1\$aFeng, Shao-feng,$eactor.
=700  1\$aDou, Xiao,$d1988-$eactor.
=700  1\$aRagchaa, Ankhnyam,$eactor.
=700  1\$aDou, Shawn,$eactor.
=710  2\$aSony Pictures Home Entertainment (Firm),$epublisher.
=730  0\$aLang tu teng (Motion picture)
=914  \\$a1598589
=994  \\$aC0$bH{dollar}Y

