=LDR  01991cgm  2200493Ii 4500
=001  601323
=005  20160612020849.0
=007  vd\cvaizs
=008  151228s2016\\\\xxu080\\\\\\\\\\\\vlswe\d
=024  1\$a857063005806
=035  \\$a(OCoLC)ocn933514895
=035  \\$a(OCoLC)933514895
=037  \\$bMidwest Tape$nhttp://www.midwesttapes.com
=040  \\$aTEFMT$beng$erda$cTEFMT$dTEF$dH{dollar}Y$dUtOrBLW
=041  1\$aswe$jeng$hswe
=049  \\$aH{dollar}YA
=050  \4$aPN1942$b.S49 2016
=082  04$a792.7$223
=245  04$aThe sex temple /$cscript/[director], Johan Palmgren ; producers, Lisa Wahlbom & Johan Palmgren.
=264  \1$a[United States] :$bVindelfilm,$c[2016]
=300  \\$a1 videodisc (80 min.) :$bsound, color ;$c4 3/4 in.
=336  \\$atwo-dimensional moving image$btdi$2rdacontent
=337  \\$avideo$bv$2rdamedia
=338  \\$avideodisc$bvd$2rdacarrier
=344  \\$adigital$boptical$2rda
=347  \\$avideo file$bDVD video$2rda
=380  \\$aDocumentary film.
=500  \\$aTitle from container.
=500  \\$aOriginally released as a motion picture in 2015.
=500  \\$aWidescreen (16:9).
=520  \\$aChristian runs a swinger club in Norrkoping, Sweden. He has just experienced a catastrophe. The club has burned down. Then he meets Robin, the owner of a beautiful old theater in town. He is just about to start a LGBTQ burlesque show, inspired by the Moulin Rouge in Paris, to make the theater flourish and solve his harsh economic situation.
=521  8\$aRating: PG-13.
=538  \\$aDVD, widescreen (16:9); stereo.
=546  \\$aSwedish dialogue; English subtitles.
=650  \0$aBurlesque (Theater)
=650  \0$aNightclubs$zSweden$zNorrk{uml}oping.
=650  \0$aSex-oriented businesses$zSweden$zNorrk{uml}oping.
=650  \0$aGay men.
=650  \0$aGroup sex.
=655  \7$aDocumentary films.$2lcgft
=700  1\$aPalmgren, Johan,$efilm director,$escreenwriter.
=710  2\$aVindelfilm (Firm),$epublisher.
=914  \\$a1598822
=994  \\$aC0$bH{dollar}Y

