=LDR  03950cgm  2200769Ii 4500
=001  603536
=005  20170404015149.0
=007  vd\cvaizm
=008  160113p20152014xx\103\\\\\\\\\\\\vlind\d
=020  \\$a9786316307521 : DVD$c24.99
=020  \\$a6316307527 : DVD$c24.99
=024  1\$a883476150048
=028  41$aDH5004$bCinedigm Entertainment
=035  \\$a(OCoLC)ocn934654275
=035  \\$a(OCoLC)934654275
=040  \\$aYW6$cYW6$dYW6$dH{dollar}Y$dUtOrBLW
=041  1\$aind$ajav$jeng
=043  \\$aa-io---
=046  \\$k2014
=049  \\$aH{dollar}YA
=082  04$a959.803/5$223
=245  04$aThe look of silence /$cDrafthouse Films, Participant Media present, in association with Danish Film Institute, Britdoc, ZDF, ARTE, a Final Cut for Real film ; a film by Joshua Oppenheimer ; directed by Joshua Oppenheimer ; co-director, Anonymous ; produced by Signe Byrge S{ostrok}rensen.
=246  1\$iTitle appears on container as:$aWerner Herzog and Errol Morris present the look of silence
=246  1\$iIndonesian title:$aSenyap
=257  \\$aDenmark$aIndonesia$2naf
=264  \1$a[Place of publication not identified] :$b[publisher not identified],$c[2015]
=264  \2$a[Los Angeles, California] :$bCinedigm Entertainment,$c[2015]
=300  \\$a1 videodisc (103 min.) :$bsound, color ;$c4 3/4 in.
=336  \\$atwo-dimensional moving image$btdi$2rdacontent
=337  \\$avideo$bv$2rdamedia
=338  \\$avideodisc$bvd$2rdacarrier
=344  \\$adigital$boptical$gmonaural$hDolby Digital 2.0$2rda
=345  \\$aWidescreen$3enhanced for 16x9 television$2rda
=346  \\$bNTSC$2rda
=347  \\$avideo file$bDVD video$eregion 1$2rda
=380  \\$aMotion picture
=500  \\$aOriginally produced as a documentary motion picture in 2014.
=500  \\$aMany of the end credits appear as "anonymous" on the film for fear of government retribution and assassination.
=500  \\$aSpecial features: 20-page booklet; Audio commentary with director Joshua Oppenheimer and executive producer Errol Morris; Q&A with director Joshua Oppenheimer and executive producer Werner Herzog from the 2015 Berlin Film Festival; Footage from the Indonesian premiere of The Look of Silence including a Q&A with protagonist Adi Rukun; A conversation about The Look of Silence with director Joshua Oppenheimer; Trailer; Digital download.
=500  \\$a"No. 35"--Container spine and disc surface.
=508  \\$aDirector of photography, Lars Skree ; editor, Niels Pagh Andersen.
=520  4\$aThematic material involving disturbing graphic descriptions of atrocities and inhumanity.
=520  \\$aA family that survives the political anti-communist genocide in Indonesia confronts the men who killed one of their brothers.
=521  8\$aMPAA Rating: PG-13.
=538  \\$aDVD, NTSC, region 1; widescreen (1.78:1); Dolby digital 5.1; HD.
=546  \\$aIndonesian and Javanese (Dolby digital 5.1.) dialogue; English subtitles.
=610  20$aGerakan Tigapuluh September.
=610  20$aGerakan Tigapuluh September$xAtrocities.
=650  \0$aPolitical crimes and offenses$zIndonesia.
=650  \0$aGenocide$zIndonesia.
=650  \0$aAnti-communist movements$zIndonesia.
=651  \0$aIndonesia$xPolitics and government.
=655  \7$aDocumentary films.$2lcgft
=655  \7$aNonfiction films.$2lcgft
=655  \7$aVideo recordings for the hearing impaired.$2lcgft
=700  1\$aOppenheimer, Joshua,$d1974-$efilm director.
=700  1\$aS{ostrok}rensen, Signe Byrge,$efilm producer.
=700  1\$aSkree, Lars,$edirector of photography.
=700  1\$aAndersen, Niels Pagh,$eeditor of moving image work.
=710  2\$aDanske filminstitut,$epresenter.
=710  2\$aBRITDOC Foundation,$epresenter.
=710  2\$aDrafthouse Films,$epresenter.
=710  2\$aParticipant Media,$epresenter.
=710  2\$aFinal Cut for Real (Firm),$eproduction company.
=710  2\$aCinedigm (Firm),$efilm distributor.
=914  \\$a1603053
=994  \\$aC0$bH{dollar}Y

