=LDR  04055cgm  2200745Ii 4500
=001  610856
=005  20160612021718.0
=007  vd\cvaizq
=008  160314p20162015cau107\\\\\\\\\\\\vlhun\d
=024  10$a043396466944
=024  1\$a043396475977
=028  42$a46694$bSony Pictures Home Entertainment
=035  \\$a(OCoLC)ocn944455111
=035  \\$a(OCoLC)944455111
=040  \\$aTEFMT$beng$erda$cTEFMT$dTEF$dTEFMT$dOCLCO$dIK2$dDAC$dGK8$dOU9$dSFR$dOCLCO$dIDU$dTXA$dUtOrBLW
=041  1\$ahun$jeng$jfre$jpor$jspa$hhun
=046  \\$k2015
=049  \\$aOEKA
=050  \4$aPN1997.2$b.S66 2016
=082  04$a791.43/72$223
=245  00$aSon of Saul /$ca Sony Pictures Classics release, a Laokoon Filmgroup bemutatja a Magyar Nemzeti Filmalap t{acute}amogat{acute}as{acute}aval ; Nemes L{acute}aszl{acute}o filmj{acute}et ; rendezte Nemes L{acute}aszl{acute}o ; {acute}irta Clara Royer & Nemes L{acute}aszl{acute}o ; producerek, Sipos G{acute}abor & Rajna G{acute}abo ; director, L{acute}aszl{acute}o Nemes.
=257  \\$aHungary$2naf
=264  \1$aCulver City, California :$bSony Pictures Home Entertainment,$c[2016]
=300  \\$a1 videodisc (approximately 107 min.) :$bsound, color ;$c4 3/4 in.
=336  \\$atwo-dimensional moving image$btdi$2rdacontent
=337  \\$avideo$bv$2rdamedia
=338  \\$avideodisc$bvd$2rdacarrier
=344  \\$adigital$boptical$gsurround$hDolby digital 5.1$2rda
=347  \\$avideo file$bDVD video$eregion 1$2rda
=380  \\$aMotion picture
=500  \\$aOriginally produced as a motion picture in 2015.
=500  \\$a1.37:1 full screen.
=500  \\$a"This film has been supported by a grant from The Conference on Material Claims Against Germany."--End credits.
=500  \\$aSpecial features: commentary with L{acute}aszl{acute}o Nemes, G{acute}eza R{uml}ohrig and M{acute}aty{acute}as Erd{acute}ely.
=508  \\$aFilm editor, Matthieu Taponier ; music, Melis L{acute}aszl{acute}o ; cinematographer, Erd{acute}ely M{acute}aty{acute}as.
=511  1\$aGeza Rohrig, Levente Molnar, Urs Rechn, Todd Charmont, Jerzy Walczak, Sandor Zsoter, Marcin Czarnik, Amitai Kedar.
=520  \\$aOctober 1944, Auschwitz-Birkenau. Saul Ausl{uml}ander is a Hungarian member of the Sonderkommando, the group of Jewish prisoners isolated from the camp and forced to assist the Nazis in the machinery of large-scale extermination. While working in one of the crematoriums, Saul discovers the body of a boy he takes for his son. As the Sonderkommando plans a rebellion, Saul decides to carry out an impossible task: save the child's body from the flames, find a rabbi to recite the mourner's Kaddish.
=521  8\$aMPAA rating: R; for disturbing violent content, and some graphic nudity.$aCHV rating: 14A
=538  \\$aDVD, region 1, (1.37:1 aspect ratio) full screen; 5.1 Dolby Digital.
=546  \\$aHungarian dialogue; Spanish, Portuguese, English or French subtitles; subtitled for the deaf and hard of hearing (SDH); described video.
=610  20$aAuschwitz (Concentration camp)$vDrama.
=650  \0$aHolocaust, Jewish (1939-1945)$vDrama.
=650  \0$aFathers and sons$vDrama.
=655  \7$aFeature films.$2lcgft
=655  \7$aHistorical films.$2lcgft
=655  \7$aFiction films.$2lcgft
=655  \7$aVideo recordings for the hearing impaired.$2lcgft
=655  \7$aVideo recordings for people with visual disabilities.$2lcgft
=700  1\$aRoyer, Clara,$escreenwriter.
=700  1\$aSipos, G{acute}abor,$efilm producer.
=700  1\$aRajna, G{acute}abor,$efilm producer.
=700  1\$aNemes, L{acute}aszl{acute}o,$d1977-$escreenwriter,$efilm director.
=700  1\$aR{uml}ohrig, G{acute}eza,$d1967-$eactor.
=700  1\$aMolnar, Levente,$eactor.
=700  1\$aRechn, Urs,$eactor.
=700  1\$aCharmont, Todd,$eactor.
=710  2\$aSony Pictures Classics (Firm)
=710  2\$aSony Pictures Home Entertainment (Firm),$epublisher.
=710  2\$aLaokoon Filmgroup.
=710  2\$aMagyar Nemzeti Filmalap.
=710  2\$aConference on Jewish Material Claims Against Germany.
=730  0\$aSaul fia (Motion picture)
=856  7\$3View cover art$uhttp://midwesttapes.com/images/movies/000/000/000/011/584/000000000011584505.jpg$2http
=914  \\$a1613953
=994  \\$aC0$bOEK

