=LDR  03420cgm  2200745Ii 4500
=001  641167
=005  20160813014630.0
=007  vd\cvaizq
=008  160425p20162015cau090\\\\\\\\\\\\vleng\d
=020  \\$c{dollar}17.59
=024  1\$a032429241955
=024  1\$a032429241962
=028  42$a59177204000$bParamount
=028  42$a2058393$bParamount
=035  \\$a(OCoLC)947734116
=035  \\$a(OCoLC)ocn947734116
=035  \\$a602854
=040  \\$aTEFMT$beng$erda$cTEFMT$dTEF$dOCLCO$dTEFMT$dMWD$dIK2$dIKG$dOCLCO$dBUR$dWIM$dOCLCO$dIHX
=041  1\$aeng$afre$aspa$jspa$jpor$jfre$jeng$heng
=049  \\$aOEKA
=050  \4$aPN1997.2$b.A66 2016
=082  04$a791.43/72$223
=245  00$aAnomalisa /$cParamount Pictures presents ; a Starburns Industries production ; a Snoot Entertainment production ; directed by Charlie Kaufman & Duke Johnson ; written by Charlie Kaufman ; produced by Rosa Tran, Duke Johnson, Charlie Kaufman, Dino Stamatopoulos.
=250  \\$a[Theatrical version]
=264  \1$aHollywood, Calif. :$bParamount,$c[2016]
=264  \4$c{copy}2016
=300  \\$a1 videodisc (90 min.) :$bsound, color ;$c4 3/4 in.
=336  \\$atwo-dimensional moving image$btdi$2rdacontent
=337  \\$avideo$bv$2rdamedia
=338  \\$avideodisc$bvd$2rdacarrier
=344  \\$adigital$boptical$gsurround$hDolby digital 5.1$2rda
=346  \\$bNTSC$2rda
=347  \\$avideo file$bDVD video$eregion 1$2rda
=380  \\$aMotion picture.
=500  \\$aTitle from container.
=500  \\$aOriginally released as a motion picture in 2015.
=508  \\$aDirector of photography, Joe Passarelli ; editor, Garret Elkins ; music, Carter Burwell ; animation supervisor, Dan Driscoll.
=511  1\$aDavid Thewlis, Jennifer Jason Leigh, Tom Noonan.
=520  \\$aMichael Stone, husband, father and noted author, travels to Cincinnati to speak at a customer service conference. But once he's separated from the routine of his daily life, a chance encounter helps him to realize just what, and whom, he's been missing.
=521  8\$aRating: R; for strong sexual content, graphic nudity and language.
=538  \\$aDVD.
=546  \\$aEnglish, French or Spanish dialogue; Spanish, Portuguese, French or English subtitles.
=546  \\$aEnglish SDH, English audio description.
=650  \0$aMarried men$vDrama.
=650  \0$aMan-woman relationships$vDrama.
=655  \7$aFeature films.$2lcgft
=655  \7$aFiction films.$2lcgft
=655  \7$aAnimated films.$2lcgft
=655  \7$aVideo recordings for the hearing impaired.$2lcgft
=655  \7$aVideo recordings for people with visual disabilities.$2lcgft
=700  1\$aJohnson, Duke,$efilm director,$efilm producer.
=700  1\$aKaufman, Charlie,$d1958-$escreenwriter,$efilm director,$efilm producer.
=700  1\$aTran, Rosa,$efilm producer.
=700  1\$aStamatopoulos, Dino,$efilm producer.
=700  1\$aThewlis, David,$d1963-$evoice actor.
=700  1\$aLeigh, Jennifer Jason,$d1962-$evoice actor.
=700  1\$aNoonan, Tom,$evoice actor.
=700  1\$aPassarelli, Joe,$ecinematographer.
=700  1\$aElkins, Garret,$efilm editor.
=700  1\$aBurwell, Carter,$ecomposer.
=710  2\$aParamount Pictures Corporation,$epresenter.
=710  2\$aStarburns Industries,$eproduction company.
=710  2\$aSnoot Entertainment (Firm),$eproduction company.
=710  2\$aParamount Home Entertainment (Firm),$epublisher.
=994  \\$aC0$bOEK

