=LDR  04532cgm  2200973Ii 4500
=001  701509
=005  20170404015456.0
=007  vd\cvaizk
=008  161206s2016\\\\ilu116\\\\\\\\\\\\vlswe\d
=024  1\$a751778950775
=028  42$aMBFHE-118$bMusic Box Films
=035  \\$a(OCoLC)965388159
=035  \\$a(OCoLC)ocn965388159
=035  \\$a695556
=035  \\$a(Pol)695234
=037  \\$bMidwest Tape$nhttp://www.midwesttapes.com
=040  \\$aTEFMT$beng$erda$cTEFMT$dCPL$dTEF$dZRQ
=041  1\$aswe$aper$jeng$jswe$hswe$hper
=041  1\$aswe$jeng$hswe
=043  \\$ae-sw---
=049  \\$aZRQA
=050  \4$aPN1997.2$b.M35 2016
=082  04$a791.43/72$223
=130  0\$aMan som heter Ove (Motion picture)
=245  13$aEn man som heter Ove =$bA man called Ove /$cTre V{uml}anner presenterar i samproduktion med Film V{uml}ast, Nordisk Film, Fantefilm, Nordsvensk Filmunderh{ring}allning, och SVT ; producent, Annica Bellander Rune och Nicklas Wikstr{uml}om Nicastro ; manus & regi, Hannes Holm.
=246  31$aMan called Ove
=264  \1$aChicago, IL :$bMusic Box Films,$c[2016]
=264  \4$c{copy}2016
=300  \\$a1 videodisc (116 min.) :$bsound, color ;$c4 3/4 in.
=336  \\$atwo-dimensional moving image$btdi$2rdacontent
=337  \\$avideo$bv$2rdamedia
=338  \\$avideodisc$bvd$2rdacarrier
=344  \\$adigital$boptical$gstereo$gsurround$hDolby Digital 2.0$hDolby Digital 5.1$2rda
=347  \\$avideo file$bDVD video$2rda
=380  \\$aMotion picture.
=500  \\$aOriginally released as a motion picture in 2015.
=500  \\$aBased on the novel by Fredrik Backman.
=500  \\$aWidescreen (2.35:1).
=500  \\$aSpecial features: The Ove in us all : a talk with Hannes Holm, Rolf Lassg{ring}ard, and Bahar Pars; director and cast Q&A at Scandinavia House NYC; makeup gallery; makeup time-lapse; theatrical trailer.
=508  \\$aDirector of photography, G{uml}oran Hallberg ; composer, Gaute Storaas ; editor, Fredrik Morheden.
=511  1\$aRolf Lassg{ring}ard, Bahar Pars, Filip Berg, Ida Engvoll, Chatarina Larsson, B{uml}orje Lundberg, Tobias Almborg, Klas Wiljerg{ring}ard, Poyan Karimi, Simon Edenroth, Johan Widerberg, Stefan G{uml}odicke, Zozan Akg{uml}un.
=520  \\$aOve, a grumpy, isolated retiree who spends his days enforcing block association rules and visiting his wife's grave, decides to give up on life until an unlikely friendship develops with a boisterous young family that moves in next door.
=521  8\$aRating: PG-13; for thematic content, some disturbing images, and language.
=538  \\$aDVD; widescreen (2.35:1) presentation; Dolby Digital 5.1 and 2.0.
=546  \\$aSwedish and Persian dialogue; with optional English and Swedish subtitles.
=650  \0$aOlder men$vDrama.
=650  \0$aNegativism$vDrama.
=650  \0$aLoss (Psychology)$vDrama.
=650  \0$aNeighbors$vDrama.
=650  \0$aIntergenerational relations$vDrama.
=650  \0$aFriendship$vDrama.
=651  \0$aSweden$vDrama.
=655  \7$aComedy films.$2lcgft
=655  \7$aFeature films.$2lcgft
=655  \7$aFilm adaptations.$2lcgft
=655  \7$aFiction films.$2lcgft
=700  1\$aRune, Annica Bellander,$efilm producer.
=700  1\$aNicastro, Nicklas Wikstr{uml}om,$efilm producer.
=700  1\$aHolm, Hannes,$escreenwriter,$efilm director.
=700  1\$aLassg{ring}ard, Rolf,$d1955-$eactor.
=700  1\$aPars, Bahar,$eactor.
=700  1\$aBerg, Filip,$eactor.
=700  1\$aEngvoll, Ida,$eactor.
=700  1\$aLarsson, Chatarina,$eactor.
=700  1\$aLundberg, B{uml}orje,$d1953-$eactor.
=700  1\$aAlmborg, Tobias,$eactor.
=700  1\$aWiljerg{ring}ard, Klas,$eactor.
=700  1\$aKarimi, Poyan,$eactor.
=700  1\$aEdenroth, Simon,$eactor.
=700  1\$aWiderberg, Johan,$eactor.
=700  1\$aG{uml}odicke, Stefan,$d1970-$eactor.
=700  1\$aAkg{uml}un, Zozan,$eactor.
=700  1\$aHallberg, G{uml}oran,$d1959-$edirector of photography.
=700  1\$aStoraas, Gaute,$ecomposer (expression)
=700  1\$aMorheden, Fredrik,$eeditor of moving image work.
=700  1\$iMotion picture adaptation of (work):$aBackman, Fredrik,$d1981-$tMan som heter Ove.
=710  2\$aTre V{uml}anner Produktion AB.$eproduction company.
=710  2\$aFilm i V{uml}ast (Firm),$eproduction company.
=710  2\$aNordisk Film (Firm),$eproduction company.
=710  2\$aFantefilm (Firm),$eproduction company.
=710  2\$aNordsvensk Filmunderh{ring}allning (Firm),$eproduction company.
=710  2\$aSveriges television,$eproduction company.
=710  2\$aMusic Box Films,$epublisher.
=994  \\$aC0$bZRQ

