=LDR  06517cgm  2201177Ii 4500
=001  712377
=005  20170207164451.0
=007  vd\cvaizm
=008  150413p20151972nyu121\\\\\\\\\\\\vlfre\d
=020  \\$a9781604659832
=020  \\$a1604659831
=024  1\$a715515144612
=028  42$aCC2475D$bThe Criterion Collection
=035  \\$a(OCoLC)907256759$z(OCoLC)908284904
=035  \\$a(OCoLC)ocn907256759
=040  \\$aTEFMT$beng$erda$cTEFMT$dTEF$dTOH$dMR0$dOCLCO$dVP@$dEMU$dOCLCO$dRB0$dTXI$dOCLCA$dOCLCO$dINR$dOCLCO$dWAU$dOCLCO$dCGU$dOCLCF$dOCLCO$dIAD$dOCLCO$dMTG$dOCLCO$dSEA$dH{dollar}Y
=041  1\$afre$jeng$hfre
=043  \\$an-us---$as-uy---
=046  \\$k1972
=049  \\$aH{dollar}YA
=050  \4$aPN1997$b.S73 2015
=082  04$a791.43/72$223
=245  00$a{acute}Etat de si{grave}ege =$bState of siege /$cJanus Films ; KG Productions ; Valoria-Films pr{acute}esente ; une co-production, Reggane Films, Unidis-Euro International Films, Dieter Geissler Filmproduktion ; film de Costa-Gavras ; {acute}ecrit par Franco Solinas ; sc{acute}enario original de Costa-Gavras et Franco Solinas ; producteur ex{acute}ecutif, Jacques Henri Barratier.
=246  1\$aState of siege
=250  \\$aDirector-approved DVD special edition.
=257  \\$aFrance ;$aGermany (West) ;$aItaly$2naf
=264  \1$a[Irvington, New York] :$bThe Criterion Collection,$c[2015]
=264  \4$c{copy} 2015
=300  \\$a1 videodisc (121 min.) :$bsound, color ;$c4 3/4 in. +$e1 fold-out insert.
=336  \\$atwo-dimensional moving image$btdi$2rdacontent
=337  \\$avideo$bv$2rdamedia
=338  \\$avideodisc$bvd$2rdacarrier
=340  \\$aDVD video$b4 3/4 in.$2rda
=344  \\$adigital$boptical$gmono.$hDolby Digital 1.0
=345  \\$awidescreen (1.66:1)$2rda
=346  \\$bNTSC$2rda
=347  \\$avideo file$bDVD video$eregion 1$2rda
=380  \\$aMotion pictures$2lcgft
=490  1\$aCriterion collection ;$v760
=500  \\$aWidescreen (1.66:1) aspect ratio.
=500  \\$aDVD release of the 1972 motion picture.
=500  \\$aRestored in 2014 by KG Productions.
=500  \\$aSpecial features: Costa-Gavras and Peter Cowie (new conversation between director Costa-Gavras and film scholar Peter Cowie); NBC News broadcasts on Dan A. Mitrione (excerpts from 1970 on the kidnapping of Dan Mitrione, on which the film is based). Insert includes an essay by journalist Mark Danner.
=508  \\$aCinematography, Pierre-William Glenn ; editor, Fran{commab}{cedil}coise Bonnot ; music, Mikis Theodorakis ; costume designer, Piet Bolsher ; production designer, Jacques D'Ovidio.
=511  1\$aYves Montand, Renato Salvatori, O.E. Hasse, Jacques Weber, Jean-Luc Bideau, Maurice Teynac, Yvette Etievant, Evangeline Peterson, Harald Wolff, Nemesio Antunes, Mario Montilles, Andre Falcon, Jerry Brouer, Roberto Navarette, Douglas Harris, Gilbert Brandini, Eugenio Guzman, Gloria Lass, Jean-Fran{cedil}cois Gobbi, Maurice Jacquemont, Aldo Francia, Eduardo Naveda, Rafael Benavente.
=520  \\$aCosta-Gavras puts the United States' involvement in South American politics under the microscope in this arresting thriller. An urban guerrilla group, outraged at the counterinsurgency and torture training clandestinely organized by the CIA in their country (unnamed in the film), abducts a U.S. official to bargain for the release of political prisoners; soon the kidnapping becomes a media sensation, leading to violence.
=521  8\$aMPAA rating: Not rated.
=538  \\$aDVD ; NTSC, region 1 ; widescreen (1.66:1) presentation ; Dolby digital mono.
=546  \\$aIn French, with optional subtitles in English.
=610  10$aUnited States.$bAgency for International Development$xOfficials and employees$vDrama.
=610  17$aUnited States.$bAgency for International Development.$2fast$0(OCoLC)fst00576009
=650  \0$aKidnapping$zUruguay$vDrama.
=650  \0$aCounterinsurgency$zUruguay$vDrama.
=651  \0$aLatin America$xPolitics and government$vDrama.
=651  \0$aUruguay$xPolitics and government$vDrama.
=655  \7$aThrillers (Motion pictures)$2lcgft
=655  \7$aFiction films.$2lcgft
=655  \7$aFeature films.$2lcgft
=655  \7$aFeature films$zFrance.$2local
=655  \7$aFeature films$zGermany (West).$2local
=655  \7$aFeature films$zItaly.$2local
=655  \7$aForeign language films$xFrench.$2local
=655  \7$aVideo recordings for the hearing impaired.$2lcgft
=655  \7$aMotion pictures$zFrance.$2local
=655  \7$aMotion pictures$zGermany.$2local
=655  \7$aMotion pictures$zItaly.$2local
=655  \7$aDrama.$2fast$0(OCoLC)fst01423879
=655  \7$aFeature films.$2fast$0(OCoLC)fst01710384
=655  \7$aFiction films.$2fast$0(OCoLC)fst01710264
=655  \7$aThrillers (Motion pictures)$2fast$0(OCoLC)fst01726193
=655  \7$aVideo recordings for the hearing impaired.$2fast$0(OCoLC)fst01710450
=700  1\$aCosta-Gavras,$d1933-$escreenwriter,$efilm director.
=700  1\$aSolinas, Franco,$d1927-1982,$escreenwriter.
=700  1\$aBarratier, Jacques Henri,$efilm producer.
=700  1\$aMontand, Yves,$d1921-1991,$eactor.
=700  1\$aSalvatori, Renato,$eactor.
=700  1\$aHasse, Otto Eduard,$d1903-1978,$eactor.
=700  1\$aWeber, Jacques,$d1949 August 23-$eactor.
=700  1\$aBideau, Jean-Luc,$eactor.
=700  1\$aEti{acute}evant, Yvette,$d1922-2003,$eactor.
=700  1\$aWolff, Harald,$d1909-1977,$eactor.
=700  1\$aFalcon, Andr{acute}e,$eactor.
=700  1\$aFrancia, Aldo,$d1923-1996,$eactor.
=700  1\$aBenavente, Rafael,$eactor.
=700  1\$aGlenn, Pierre-William,$edirector of photography.
=700  1\$aBonnot, Fran{cedil}coise,$d1939-$eeditor of moving image work.
=700  1\$aTheodorakis, Mikis,$ecomposer (expression)
=700  1\$aBolsher, Piet,$ecostume designer.
=700  1\$aD'Ovidio, Jacques,$eproduction designer.
=700  1\$aCowie, Peter,$einterviewer (expression)
=700  1\$aDanner, Mark,$d1958-$ewriter of supplementary textual content.
=710  2\$aJanus Films,$efilm distributor.
=710  2\$aK.G. Productions (Firm)
=710  2\$aValoria Films,$epresenter.
=710  2\$aReggane Films,$eproduction company.
=710  2\$aUnidis-Euro International Films,$eproduction company.
=710  2\$aDieter Geissler Filmproduktion (Firm),$eproduction company.
=710  2\$aCriterion Collection (Firm),$epublisher.
=830  \0$aCriterion collection (DVD videodiscs) ;$v760.
=856  7\$3View cover art$uhttp://midwesttapes.com/images/movies/000/000/000/011/290/000000000011290789.jpg$2http
=994  \\$aC0$bH{dollar}Y

