=LDR  04715cgm  2200889Ii 4500
=001  721659
=005  20170322161122.0
=007  vd\cvaizq
=008  170201s2017\\\\cau131\\\\\\\\\\\\vlfre\d
=020  \\$a9786316739926 : DVD$c25.99
=020  \\$a6316739923 : DVD$c25.99
=024  1\$a043396494220
=024  1\$a043396495906
=028  42$a49422$bColumbia Pictures
=028  42$a49590$bColumbia Pictures
=035  \\$a(OCoLC)971052584
=035  \\$a(OCoLC)ocn971052584
=035  \\$a715312
=035  \\$a(Pol)715069
=037  \\$bMidwest Tape$nhttp://www.midwesttapes.com
=040  \\$aTEFMT$beng$erda$cTEFMT$dOCLCO$dTEF$dTEFMT$dIK2$dOCLCF$dRB0$dZRQ
=041  1\$afre$aeng$jchi$jeng$jfre$jkor$jpor$jspa$jtha$hfre
=043  \\$ae-fr---
=049  \\$aZRQA
=050  \4$aPN1997.2$b.E45 2017
=082  04$a791.43/72$223
=245  00$aElle /$cSa{uml}id Ben Sa{uml}id et Michel Merkt pr{acute}esentent une coproduction SBS Productions, Twenty Twenty Vision Filmproduktion, France 2 Cin{acute}ema, Entre Chien et Loup ; produit par Sa{uml}id Ben Sa{uml}id et Michel Merkt ; sc{acute}enario de David Birke ; un film r{acute}ealis{acute}e par Paul Verhoeven.
=264  \1$aCulver City, California :$bSony Pictures Home Entertainment,$c[2017]
=300  \\$a1 videodisc (approximately 131 min.) :$bsound, color ;$c4 3/4 in.
=336  \\$atwo-dimensional moving image$btdi$2rdacontent
=337  \\$avideo$bv$2rdamedia
=338  \\$avideodisc$bvd$2rdacarrier
=344  \\$adigital$boptical$gsurround$hDolby digital 5.1$2rda
=347  \\$avideo file$bDVD video$eregion 1$2rda
=380  \\$aMotion picture.
=500  \\$aBased on the novel "Oh..." by Philippe Djian.
=500  \\$aOriginally produced as a motion picture in 2016.
=500  \\$aAnamorphic wide screen (2.40:1).
=500  \\$aSpecial features: Celebrating and icon: AFI's tribute to Isabelle Huppert; A tale of empowerment: making Elle.
=508  \\$aOriginal music, Anne Dudley; photography, St{acute}ephane Fontaine ; editing, Job ter Berg.
=511  1\$aIsabelle Huppert, Laurent Lafitte, Anne Consigny, Charles Berling, Virginie Efira, Christian Berkel, Jonas Bloquet, Alice Isaaz.
=520  \\$aMich{grave}ele seems indestructible. Head of a successful video game company, she brings the same ruthless attitude to her love life as to business. Being attacked in her home by an unknown assailant changes Mich{grave}ele's life forever. When she resolutely tracks the man down, they are both drawn into a curious and thrilling game--a game that may, at any moment, spiral out of control.
=521  8\$aMPAA rating: R; for violence involving sexual assault, disturbing sexual content, some grisly images, brief graphic nudity, and language$aCHV rating: 18A.
=538  \\$aDVD, NTSC, region 1, (2.40:1) anamorphic widescreen; Dolby Digital.
=546  \\$aFrench dialogue; Spanish, French, English, Thai, Korean, Chinese, Mandarin or Portuguese subtitles; subtitled for the deaf and hard of hearing (SDH); described video.
=650  \0$aWomen$zFrance$vDrama.
=650  \0$aRape$zFrance$vDrama.
=650  \0$aRevenge$zFrance$vDrama.
=655  \7$aFeature films.$2lcgft
=655  \7$aThrillers (Motion pictures)$2lcgft
=655  \7$aFilm adaptations.$2lcgft
=655  \7$aFiction films.$2lcgft
=655  \7$aVideo recordings for the hearing impaired.$2lcgft
=655  \7$aVideo recordings for people with visual disabilities.$2lcgft
=655  \7$aDrama.$2fast$0(OCoLC)fst01423879
=655  \7$aFeature films.$2fast$0(OCoLC)fst01710384
=655  \7$aFiction films.$2fast$0(OCoLC)fst01710264
=655  \7$aFilm adaptations.$2fast$0(OCoLC)fst01710491
=655  \7$aThrillers (Motion pictures)$2fast$0(OCoLC)fst01726193
=655  \7$aVideo recordings for people with visual disabilities.$2fast$0(OCoLC)fst01710451
=655  \7$aVideo recordings for the hearing impaired.$2fast$0(OCoLC)fst01710450
=700  1\$aBen Sa{uml}id, Sa{uml}id,$efilm producer.
=700  1\$aMerkt, Michel,$d1972-$efilm producer.
=700  1\$aBirke, David,$escreenwriter.
=700  1\$aVerhoeven, Paul,$efilm director.
=700  1\$aFontaine, St{acute}ephane,$edirector of photography.
=700  1\$aBerg, Job ter,$d1972-$eeditor of moving image work.
=700  1\$aDudley, Anne,$d1956-$ecomposer (expression)
=700  1\$aHuppert, Isabelle,$eactor.
=700  1\$aLafitte, Laurent,$d1973-$eactor.
=700  1\$aConsigny, Anne,$eactor.
=700  1\$aBerling, Charles,$eactor.
=700  1\$iMotion picture adaptation of (work):$aDjian, Philippe,$d1949-$tOh ...
=710  2\$aSony Pictures Home Entertainment (Firm),$epublisher.
=730  02$iContainer of (work):$aElle (Motion picture)
=730  02$iContainer of (expression):$aElle (Motion picture).$lEnglish.
=994  \\$aC0$bZRQ

