=LDR  04584cgm  2200901Ia 4500
=001  725967
=005  20170331103609.0
=007  vd\cvaizq
=008  100806s2010\\\\ilu129\\\\\\\\\\\\vlswe\d
=020  \\$a0705105743752
=024  10$a705105743752
=028  42$aMBFHE 007$bMusic Box Films
=035  \\$a(OCoLC)ocn653241859
=035  \\$a(OCoLC)653241859$z(OCoLC)671491850$z(OCoLC)693584766
=035  \\$a425102
=035  \\$a425102
=035  \\$a451593
=040  \\$aTEFMT$beng$cTEFMT$dBTCTA$dTEF$dCGL$dEYP$dNTG$dWAU$dSFR$dVP@$dGK8$dO CLCQ$dIXA$dUtOrBLW
=041  1\$aswe$aeng$jeng$hswe$geng
=043  \\$ae-sw---
=044  \\$ailu$asw$adk
=049  \\$aOEKA
=245  00$aFlickan som lekte med elden =$bThe girl who played with fire /$cYellow Bird presenterar ; i samproduktion med ZDF Enterprises, Sveriges Television, Nordisk Film, ZDF ... ; en film av Daniel Alfredson ; manus, Jonas Frykberg ; producent, S{ostrok}ren St{aelig}rmose ; regi, Daniel Alfredson.
=246  1\$aGirl who played with fire
=257  \\$aSweden ;$aDenmark.
=260  \\$aChicago, IL :$bMusic Box Films,$c[2010]
=300  \\$a1 videodisc (129 min.) :$bsound, color ;$c4 3/4 in.
=336  \\$atwo-dimensional moving image$btdi$2rdacontent
=337  \\$avideo$bv$2rdamedia
=338  \\$avideodisc$bvd$2rdacarrier
=500  \\$aBased on the novel by Stieg Larsson.
=500  \\$aOriginally released as a motion picture in 2009.
=500  \\$aBonus feature: Theatrical trailer.
=508  \\$aCinematography, Peter Mokrosinski ; editor, Mattias Morheden ; music, Jacob Groth.
=511  1\$aNoomi Rapace, Michael Nyqvist, Annika Hallin, Lena Endre, Peter Andersson, Jacob Ericksson, Sofia Ledarp, Tanja Lorentzon, Johan Kyl{acute}en, Yasmine Garbi, Paolo Roberto, Mikael Spreitz, Georgi Staykov, Per Oscarsson, Ralph Carlsson.
=520  \\$a"In this second installment of Stieg Larsson's phenomenal 'Millennium' trilogy, Lisbeth Salander is a wanted woman. A researcher and a Millennium journalist about to expose the truth about the sex trade in Sweden are brutally murdered and Salander's prints are on the weapon. Her history of unpredictable and violent behavior makes her an official danger to society. Mikael Blomkvist, Salander's friend and Millennium's publisher, is alone in his belief of Salander's innocence.  Digging deeper, Blomkvist unearths evidence implicating highly placed members of Swedish society--as well as shocking details about Salander's past. He is desperate to get to her before she is cornered--but no one can find her anywhere"--Container.
=521  8\$aMPAA rating: R; for brutal violence including a rape, some strong sexual content, nudity and language.
=538  \\$aDVD, NTSC.widescreen (1.85) presentation; Dolby Digital 5.1.
=546  \\$aSwedish or dubbed English dialogue, optional English subtitles.
=650  \0$aProstitution$zSweden$vDrama.
=650  \0$aJournalists$vDrama.
=650  \0$aMurder$vDrama.
=650  \0$aForeign films.
=655  \7$aThrillers (Motion pictures)$2lcgft
=655  \7$aDetective and mystery films.$2lcgft
=655  \7$aFilm serials.$2lcgft
=655  \7$aFilm adaptations.$2lcgft
=655  \7$aFiction films.$2lcgft
=655  \7$aFeature films.$2lcgft
=700  1\$aAlfredson, Daniel,$d1959-$edirector.
=700  1\$aFrykberg, Jonas,$d1961-$escreenwriter.
=700  1\$aSt{aelig}rmose, S{ostrok}ren,$d1952-$eproducer.
=700  1\$aRapace, Noomi,$d1979-$eactor.
=700  1\$aNyqvist, Michael,$d1960-$eactor.
=700  1\$aHallin, Annika,$d1968-$eactor.
=700  1\$aEndre, Lena,$d1955-$eactor.
=700  1\$aAndersson, Peter,$d1953-$eactor.
=700  1\$aEricksson, Jacob,$d1967-$eactor.
=700  1\$aLedarp, Sofia,$d1974-$eactor.
=700  1\$aLorentzon, Tanja,$d1971-$eactor.
=700  1\$aKyl{acute}en, Johan,$eactor.
=700  1\$aGarbi, Yasmine,$eactor.
=700  1\$aRoberto, Paolo,$d1969-$eactor.
=700  1\$aSpreitz, Mikael,$eactor.
=700  1\$aStaykov, Georgi,$d1964-$eactor.
=700  1\$aOscarsson, Per,$d1927-2010,$eactor.
=700  1\$aCarlsson, Ralph,$d1952-$eactor.
=700  1\$aMokrosinski, Peter,$d1953-$ecinematographer.
=700  1\$aMorheden, Mattias,$efilm editor.
=700  1\$aGroth, Jacob,$ecomposer.
=700  1\$aLarsson, Stieg,$d1954-2004.$tFlickan som lekte med elden.
=710  2\$aYellow Bird (Firm)
=710  2\$aZDF Enterprises.
=710  2\$aSveriges television.
=710  2\$aNordisk films kompagni.
=710  2\$aZweites Deutsches Fernsehen.
=710  2\$aMusic Box Films.
=949  \\$aBBOWN$b31150015606979$camfo$eFLICKAN$gDVD SWE$mDVD$p4.95

