=LDR  04426cgm  2200841Ii 4500
=001  730332
=005  20170411181216.0
=007  vd\cvaizq
=008  170306s2017\\\\cau163\e\\\\\\\\\\vlger\d
=024  1\$a043396497979
=028  42$a49797$bSony Pictures
=035  \\$a(OCoLC)974652387
=035  \\$a(OCoLC)ocn974652387
=035  \\$a718080
=040  \\$aTEFMT$beng$erda$cTEFMT$dOCLCO$dTEF$dGRN$dTEFMT$dOCLCF$dINO$dZRQ
=041  1\$ager$jeng$jfre$jpor$jspa$hger
=049  \\$aZRQA
=050  \4$aPN1997.2$b.T66 2017
=082  04$a791.4372$223
=245  00$aToni Erdmann /$cKomplizen Film ; in Koproduktion mit Coop99 Filmproduktion, HiFilm Productions, KNM, Missing Link Films ; Producer, Michel Merkt ; Produzenten, Janine Jackowski, Jonas Dornbach, Marne Ade ; buch und regie Maren Ade.
=257  \\$aGermany$aAustria$aSwitzerland$aRomania$2naf
=264  \1$aCulver City, CA :$bSony Pictures Home Entertainment,$c[2017]
=300  \\$a1 videodisc (approximately 163 min.) :$bsound, color ;$c4 3/4 in.
=336  \\$atwo-dimensional moving image$btdi$2rdacontent
=337  \\$avideo$bv$2rdamedia
=338  \\$avideodisc$bvd$2rdacarrier
=344  \\$adigital$boptical$gsurround$h5.1 Dolby Digital$2rda
=347  \\$avideo file$bDVD video$eregion 1$2rda
=380  \\$aMotion picture.
=500  \\$aTitle from title screen.
=500  \\$aOriginally released as a motion picture in 2016.
=500  \\$aAnamorphic wide screen (1.85:1).
=500  \\$aSpecial features: Commentary with Sandra H{uml}uller, Peter Simonischek and Janine Jackowski; Toni Erdmann at AFI Fest - red carpet and Q&A.
=508  \\$aDirector of photography, Patrick Orth ; art director, Silke Fischer ; editor, Heike Parplies.
=511  1\$aPeter Simonischek, Sandra H{uml}uller, Michael Wittenborn, Thomas Loibl, Trystan P{uml}utter, Hadewych Minis, Lucy Russell, Ingrid Bisu, Vlad Ivanov, Victoria Cocia{cedil}s.
=520  \\$aWinfried doesn't see much of his working daughter Ines. He pays her a surprise visit in Bucharest, where she's busy as a corporate strategist. The geographical change doesn't help them to see more eye to eye. Practical joker Winfried annoys his daughter with corny pranks and jabs at her routine lifestyle of meetings and paperwork. Father and daughter reach an impasse, and Winfried agrees to go home to Germany. Enter Toni Erdmann: Winfried's flashy alter ego.
=521  8\$aRating: R; for strong sexual content, graphic nudity, language and brief drug use.
=521  8\$aCHV rating: 14A; for sexual content and nudity.
=538  \\$aDVD; region 1; 5.1 Dolby digital.
=546  \\$aGerman dialogue; Spanish, Portuguese, English or French subtitles; subtitled for the deaf and hard of hearing (SDH); described video.
=650  \0$aFathers and daughters$vDrama.
=650  \0$aConflict of generations$vDrama.
=650  \0$aDisguise$vDrama.
=655  \7$aFeature films.$2lcgft
=655  \7$aComedy films.$2lcgft
=655  \7$aVideo recordings for the hearing impaired.$2lcgft
=655  \7$aVideo recordings for people with visual disabilities.$2lcgft
=655  \7$aComedy films.$2fast$0(OCoLC)fst01710291
=655  \7$aDrama.$2fast$0(OCoLC)fst01423879
=655  \7$aFeature films.$2fast$0(OCoLC)fst01710384
=655  \7$aVideo recordings for people with visual disabilities.$2fast$0(OCoLC)fst01710451
=655  \7$aVideo recordings for the hearing impaired.$2fast$0(OCoLC)fst01710450
=700  1\$aAde, Maren,$escreenwriter,$efilm director,$efilm producer.
=700  1\$aMerkt, Michel,$d1972-$efilm producer.
=700  1\$aJackowski, Janine,$efilm producer.
=700  1\$aDornbach, Jonas,$efilm producer.
=700  1\$aSimonischek, Peter,$eactor.
=700  1\$aH{uml}uller, Sandra,$eactor.
=700  1\$aWittenborn, Michael,$d1953-$eactor.
=700  1\$aLoibl, Thomas,$eactor.
=700  1\$aP{uml}utter, Trystan Wyn,$eactor.
=700  1\$aMinis, Hadewych,$eactor.
=700  1\$aRussell, Lucy,$d1972-$eactor.
=700  1\$aBisu, Ingrid,$eactor.
=700  1\$aIvanov, Vlad,$eactor.
=700  1\$aCocia{cedil}s, Victoria,$eactor.
=710  2\$aKomplizen Film,$eproduction company.
=710  2\$aCoop99 Filmproduktion,$eproduction company.
=710  2\$aHiFilm Productions (Firm),$eproduction company.
=710  2\$aKNM,$eproduction company.
=710  2\$aMissing Link Films,$eproduction company.
=710  2\$aSony Pictures Home Entertainment (Firm),$epublisher.
=994  \\$aC0$bZRQ

